1950 3236
776 121 862 160 VV.
886 122 1080 161 390-416.
1652 130 1737 171 315

267 250 472 298 uersibus
505 255 699 308 exacuit3
732 255 876 298 dictae
905 267 985 310 per
1015 255 1212 299 carmina
1246 259 1404 308 sortes,

266 327 312 366 et
341 323 462 366 uitae
493 327 740 379 monstrata
770 323 929 376 *uiast‚‘
959 328 1002 367 et
1034 325 1177 378 gratia
1205 337 1361 379 regum
1392 367 1393 370 ,

268 389 426 435 Pieriis
457 394 673 445 temptata
702 384 861 444 modis,
892 392 1113 447 ludusque
1143 397 1349 448 repertus
1686 403 1737 430 405

270 465 314 504 et
344 460 579 514 longorum
611 473 796 515 operum
828 461 952 505 finis:
983 474 1040 504 ne
1070 460 1187 504 forte
1217 462 1380 516 pudori

270 530 328 573 sit
357 529 438 572 tibi
469 529 600 572 Musa
630 529 751 583 lyrae
782 530 940 573 sollers
971 533 1016 573 et
1045 534 1200 573 cantor
1229 530 1405 585 Apollo.

327 603 487 641 natura
515 597 642 641 fieret
672 598 897 642 laudabile
929 611 1107 642 carmen
1138 612 1194 642 an
1226 603 1334 653 arte,

269 668 587 723 quaesitumst:
619 679 702 721 ego
734 680 815 710 nec
846 667 1043 711 studium
1076 669 1173 712 sine
1204 669 1343 712 diuite
1374 681 1503 723 uena,

269 749 351 780 nec
380 737 491 780 rude
522 736 628 790 quid
658 737 801 790 prosit
833 738 964 780 uideo
993 737 1246 792 ingenium:
1278 738 1462 781 alterius
1494 739 1556 782 sic
1689 750 1741 776 410

270 807 412 849 altera
441 807 586 860 poscit
616 818 745 860 opem
776 819 850 850 res
880 810 928 849 et
957 807 1160 850 coniurat
1193 808 1348 851 amice.

270 876 346 930 qui
377 875 526 919 studet
557 878 756 930 optatam
787 888 922 919 cursu
953 877 1212 931 contingere
1243 880 1422 930 metam,

271 945 412 987 multa
442 944 545 987 tulit
575 944 768 999 fecitque
798 957 923 999 puer,
955 945 1137 988 sudauit
1167 949 1212 988 et
1242 946 1359 999 alsit,

271 1014 488 1057 abstinuit
519 1026 684 1056 uenere
715 1018 759 1057 et
790 1015 919 1067 uino;
951 1015 1028 1069 qui
1058 1015 1216 1070 Pythia
1248 1018 1397 1059 cantat

269 1083 444 1135 tibicen,
478 1083 634 1126 didicit
663 1084 790 1138 prius
822 1084 1111 1139 extimuitque
1141 1085 1420 1138 magistrum.
1691 1098 1741 1124 415

272 1165 390 1195 nunc
422 1153 532 1196 satis
564 1158 632 1196 est
665 1153 850 1196 dixisse:
881 1153 981 1207 eego
1012 1153 1126 1196 mira
1156 1158 1363 1208 poemata
1392 1167 1561 1210 pang03

269 1255 339 1292 407
365 1256 409 1293 S:
435 1256 577 1292 Auson.
595 1256 700 1303 epist.
719 1258 752 1301 4,
769 1257 793 1292 8
809 1269 845 1304 p.
861 1257 931 1293 159
956 1256 1060 1293 Sch.:
1093 1260 1130 1294 et
1154 1259 1285 1293 cantor
1308 1256 1445 1305 Apollo
1485 1258 1532 1294 cf.
1546 1257 1621 1293 Ἄπ.
1639 1259 1745 1294 κιθα-

155 1301 287 1346 ρῳδός)
344 1301 532 1337 408-418
555 1305 599 1340 T:
624 1302 735 1339 floril.
747 1303 786 1339 N
788 1303 926 1339 ostrad.
972 1304 1043 1340 408
1057 1305 1103 1346 S:
1123 1302 1236 1350 Gypr.
1255 1303 1354 1340 Gall.
1369 1303 1447 1339 iud.
1489 1304 1552 1340 58:
1576 1309 1745 1340 natura

158 1347 251 1382 fiat
275 1350 353 1382 tam
377 1347 485 1383 fortis
509 1359 565 1383 an
590 1352 692 1385 arte
761 1350 831 1386 408
856 1361 910 1396 sq.
935 1349 982 1384 cf.
1007 1349 1100 1385 Plat.
1127 1349 1284 1385 Phaedr.
1307 1361 1344 1407 p.
1367 1348 1437 1386 245
1462 1352 1515 1386 A:
1540 1351 1579 1389 ὃς
1603 1350 1636 1386 δ’
1663 1351 1745 1386 ἄνευ

155 1394 282 1438 μανίας
312 1393 475 1429 Μουσῶν
506 1394 562 1429 ἐπὶ
596 1394 782 1440 ποιητικὰς
814 1396 929 1440 θύρας
960 1395 1155 1441 ἀφίκηται,.
1177 1396 1334 1435 πεισθεις
1367 1396 1418 1436 ὡς
1451 1396 1520 1442 ἄρα
1550 1397 1592 1431 ἐκ
1625 1397 1747 1442 τέχνης

156 1438 276 1478 ἱκανὸς
298 1439 446 1485 ποιητὴς
478 1440 653 1485 ἐσόμενος,
689 1440 812 1486 ἀτελὴς
845 1442 953 1481 αὐτός
982 1455 1018 1476 τε
1041 1442 1102 1477 καὶ
1125 1442 1148 1487 ἡ
1172 1443 1310 1487 ποίησις
1341 1442 1411 1477 ὑπὸ
1443 1448 1503 1488 τῆς
1527 1447 1599 1478 τῶν
1625 1457 1747 1488 μαινο-

155 1485 274 1530 μένων
296 1485 319 1530 ἦ
345 1490 406 1520 τοῢ
431 1492 702 1531 σωφρονοῦντος
726 1486 910 1533 ἠφανίσθη
929 1489 942 1533 ΙΙ
958 1486 1007 1524 ib.
1025 1499 1060 1534 p.
1077 1487 1146 1523 269
1170 1488 1223 1523 D:
1248 1489 1281 1523 εἴ
1301 1488 1367 1533 μέν
1384 1481 1445 1523 Ισοι
1469 1489 1618 1534 ὑπάρχει
1644 1489 1747 1534 φύσει

156 1530 338 1576 ῥητορικῷ
360 1530 461 1574 εἶναι,
493 1533 562 1567 ἔσει
596 1532 718 1577 ῥήτωρ
741 1533 931 1578 ἐλλόγιμος,
961 1533 1175 1580 προσλαβὼν
1205 1534 1399 1580 ἐπιστήμην
1430 1548 1466 1570 τε
1496 1536 1558 1570 καὶ
1585 1535 1748 1580 μελέτην·

157 1577 239 1611 ὅτου
272 1575 305 1611 δ’
329 1577 372 1612 ἂν
403 1577 543 1623 ε’λλίπῃς
566 1579 711 1622 τούτων,
742 1579 849 1624 ταύτῃ
882 1579 1005 1625 ἀτελὴς
1036 1580 1105 1615 ἔσει
1141 1580 1157 1627 ΙΙ
1192 1580 1268 1617 Cic.
1291 1591 1359 1626 pro
1390 1580 1504 1617 Arch.
1529 1583 1561 1625 7,
1588 1583 1646 1618 15:
1682 1593 1748 1624 ego

157 1621 228 1658 hoc
251 1624 454 1659 contendo:
480 1634 566 1659 cum
590 1625 638 1659 ad
662 1628 835 1660 naturam
868 1626 1041 1661 eximiam
1072 1629 1112 1662 at
1139 1637 1185 1662 ue
1215 1625 1399 1662 illustrem
1431 1628 1624 1663 accesserit
1654 1627 1749 1663 ratio

157 1667 340 1721 quaedam
364 1669 684 1716 conformatioque
706 1670 906 1714 doctrinae,
937 1675 1019 1707 tum
1050 1672 1119 1708 iuu
1176 1672 1300 1708 nescio
1332 1672 1421 1717 quid
1452 1674 1681 1718 praeclarum
1707 1685 1749 1708 ae

157 1714 346 1759 singulare
377 1715 502 1751 solere*
523 1716 679 1752 existere
779 1717 850 1753 409
880 1719 925 1755 S:
958 1717 1063 1754 Paul.
1089 1718 1174 1754 Nol.
1198 1718 1361 1755 XXVII
1385 1718 1453 1754 327
1478 1730 1551 1766 sq.:
1584 1720 1749 1755 sitientes

158 1759 295 1813 diues
317 1771 437 1796 uena
460 1763 554 1808 riget
571 1789 579 1797 .
597 1789 606 1797 .
626 1789 634 1797 .
659 1774 788 1798 sensus
806 1764 818 1807 ΙΙ
836 1763 883 1798 cf.
902 1763 1059 1807 Quintil.
1076 1765 1161 1800 inst.
1170 1764 1231 1825 YI
1253 1765 1287 1807 2,
1305 1764 1353 1817 ,33
1385 1766 1507 1800 tenuis
1531 1768 1569 1801 et
1591 1775 1751 1827 angusta

159 1807 1475 1904 ffiffissiassssssf?sedtffpztffz'fffflfi³¹11÷33¹¹¹²¹³t1i544figit-¹353&
1499 1814 1750 1895 Wlfflin}

157 1897 239 1933 cod.
264 1898 437 1944 interpol.
463 1900 550 1935 inst.
575 1900 719 1936 XVIII
750 1901 807 1942 25,
840 1901 908 1936 247
994 1903 1066 1939 414
1089 1902 1137 1938 cf.
1168 1902 1341 1945 wolflin,
1374 1902 1528 1939 Miinch.
1555 1904 1749 1950 Sitzungs-

159 1943 236 1979 ber.
261 1943 363 1988 1881,
386 1944 431 1980 II
454 1957 490 1991 p1.
514 1946 578 1989 91;
604 1946 717 1982 Arch.
742 1947 768 1981 f.
794 1947 819 1983 l.
845 1947 1036 1994 Lexicogr.
1061 1948 1123 1983 111
1148 1960 1184 1995 p.
1209 1949 1278 1984 453
1302 1960 1356 1996 sq.
1451 1950 1523 1986 416
1545 1951 1593 1988 S:
1620 1950 1749 1985 Manil.

159 1989 202 2024 11
225 1989 311 2025 751:
338 2001 463 2027 nunc
487 1993 613 2027 satis
639 1996 710 2028 est
734 1993 906 2029 docuisse
930 2005 1016 2030 suos
1041 1994 1171 2041 ignota
1193 2006 1258 2041 per
1281 2005 1372 2030 usus
1389 1996 1402 2040 ss
1420 1995 1529 2032 Lucr.
1546 1995 1567 2030 1
1585 1997 1651 2032 933
1677 2007 1748 2042 sq.:

157 2035 292 2071 deinde
315 2036 416 2082 quod
447 2037 605 2074 obscura
637 2038 684 2074 de
714 2050 752 2074 re
784 2043 877 2075 tam
909 2039 1077 2076 lucida
1109 2051 1262 2087 pango
1293 2041 1505 2077 carmina
1527 2043 1541 2087 ΙΙ
1561 2042 1614 2085 id.
1640 2042 1660 2077 I
1684 2041 1750 2079 25:

160 2092 362 2128 pangere
387 2094 513 2119 versus

280 2171 940 2223 9=B0FMR762'(M)vndmuv
1035 2180 1105 2218 403
1136 2182 1245 2217 sortis
1278 2185 1312 2216 B
1331 2184 1436 2226 pr.R
1505 2181 1575 2217 404
1599 2181 1695 2227 uiest
1720 2185 1752 2216 B

161 2232 256 2278 uiest
280 2247 299 2267 r
309 2247 367 2278 pr.
438 2235 502 2269 uia
526 2240 581 2269 est
605 2244 680 2271 cett.
704 2240 790 2281 Pph.
885 2237 955 2273 405
985 2237 1100 2284 pletis
1132 2242 1166 2273 B
1227 2242 1404 2285 temptata
1435 2239 1455 2274 6
1527 2239 1708 2285 reperitus
1734 2253 1752 2283 γ

164 2300 316 2370 τερεῐιῑῇιε
334 2328 366 2359 R
433 2327 504 2362 406
519 2337 566 2363 ne
583 2332 624 2362 in
639 2341 709 2363 ras.
727 2329 748 2364 6
818 2331 892 2368 407
909 2329 998 2365 lirae
1017 2333 1046 2365 Ο
1049 2343 1106 2374 pr.
1119 2333 1164 2365 M
1168 2344 1188 2376 γ
1201 2331 1221 2365 6
1235 2343 1292 2365 ou
1305 2345 1323 2365 v
1372 2330 1484 2366 solers
1503 2334 1553 2366 R1
1569 2331 1589 2365 λ
1636 2330 1752 2366 soleas

164 2431 198 2462 B
244 2427 371 2463 sollers
396 2437 468 2464 cett.
515 2431 638 2476 opollo
661 2446 681 2476 γ
727 2432 877 2479 appollo
901 2434 921 2468 6
1004 2433 1074 2469 408
1098 2433 1133 2468 N
1138 2399 1245 2479 atur}
1266 2438 1309 2469 M
1383 2434 1454 2469 409
1478 2434 1579 2480 q'situ
1604 2437 1705 2479 stego
1722 2437 1754 2467 B

165 2484 363 2529 Quesitum
389 2490 444 2521 est
467 2498 533 2531 ego
557 2492 696 2523 Mmuv
745 2489 966 2533 Quaesitum
991 2494 1046 2526 est
1070 2502 1137 2537 ego
1162 2499 1236 2526 cett.
1296 2492 1378 2538 nec]
1403 2502 1450 2526 ne
1474 2491 1529 2535 ὃς]
1581 2490 1712 2526 dnuite
1733 2501 1753 2535 λ

166 2603 188 2624 α
211 2603 246 2624 u.
264 2590 329 2623 411
357 2593 468 2624 denuo
492 2594 622 2635 incipit
645 2595 718 2626 cod.
735 2605 762 2633 ε,
811 2596 870 2627 sed
886 2596 977 2635 solio
1001 2597 1123 2628 mutilo
1149 2597 1273 2629 desunt
1294 2598 1405 2628 multa
1485 2592 1555 2629 412
1568 2558 1757 2639 c(1)1'.inger(›3

166 2696 197 2727 R
244 2696 381 2738 metam
398 2697 441 2728 M
452 2697 464 2727 l
510 2696 669 2729 moetam
688 2694 750 2728 Fa
797 2660 925 2730 micam
949 2708 975 2729 π
1020 2695 1092 2732 413
1114 2695 1203 2731 fecit
1221 2709 1284 2731 om.
1302 2707 1374 2742 que
1389 2696 1429 2731 61
1495 2697 1566 2731 414
1582 2661 1756 2731 Afftinuit

137 2759 140 2761 “
164 2764 190 2784 π
238 2761 368 2786 uenere
393 2751 413 2785 6
462 2749 593 2797 pithya
616 2754 650 2785 B
665 2754 693 2786 O
744 2751 865 2797 pithia
888 2765 990 2796 ymu
1043 2751 1193 2798 phithia
1215 2756 1259 2787 M
1299 2752 1419 2799 phitia
1442 2767 1462 2788 v
1509 2767 1545 2788 u.
1569 2753 1637 2788 415
1663 2766 1757 2788 ome

163 2833 233 2863 pr„
251 2822 332 2854 add.
358 2823 434 2854 ead.
458 2833 502 2854 m.
528 2823 568 2854 im
591 2833 700 2864 marq.
783 2821 853 2855 415
877 2812 967 2856 ded‘t
991 2825 1024 2856 B
1070 2820 1160 2856 dicit
1187 2824 1230 2857 01
1280 2820 1390 2867 prim’
1417 2824 1445 2857 Ο
1523 2822 1594 2858 416
1617 2811 1709 2868 ΝΙῙΟ
1731 2837 1756 2856 ἰι

170 2876 264 2922 (Nec
294 2891 320 2911 u
339 2877 414 2922 pr.)
470 2876 584 2912 Nunc
616 2885 690 2912 cett.
714 2880 900 2913 Pseudaor.
925 2879 1026 2922 yloss.
1051 2879 1087 2914 Γ
1106 2886 1204 2914 tract.
1238 2882 1338 2914 Vind.
1355 2882 1437 2923 flor.
1462 2882 1581 2914 Nostr.
1627 2881 1696 2926 est]
1722 2884 1757 2915 et

171 2942 204 2972 B
223 2941 251 2974 O
294 2939 387 2974 mira
411 2953 474 2975 om.
491 2950 530 2985 γι
581 2936 718 2975 misera
742 2944 774 2975 R
820 2940 944 2986 pando
967 2954 1001 2975 m
1048 2951 1169 2987 pango
1194 2949 1267 2977 cett.
1284 2945 1365 2985 flor.
1391 2944 1505 2977 Nostr.
1533 2945 1625 2987 defle.
1650 2955 1667 2976 ε
