1950 3236
817 119 916 156 Lm.
939 119 994 156 Π.
1018 120 1051 156 1.
1652 120 1738 172 269

264 252 473 307 auspiciis
502 255 646 294 totum
678 249 877 293 confecta
907 249 1056 293 duella
1084 261 1165 303 per
1196 249 1364 301 orbem,

263 322 543 375 claustraque
574 319 807 362 custodem
838 318 959 373 pacis
991 317 1243 361 cohibentia
1272 318 1430 361 Ianum
1687 326 1739 352 2⁵⁵

265 396 310 434 et
338 389 616 434 formidatam
649 387 827 432 Parthis
857 392 902 431 te
931 387 1132 442 principe
1164 386 1362 440 Romam,

265 461 315 512 si,
338 463 548 515 quantum
570 470 791 512 cuperem,
812 469 991 512 possem
1013 468 1211 512 quoque;
1234 456 1313 499 sed
1333 467 1477 510 neque
1493 467 1678 510 paruom

265 541 441 573 carmen
469 529 679 571 maiestas
710 528 870 582 recipit
898 531 988 579 tua,
1020 539 1103 569 nec
1133 538 1259 568 meus
1290 526 1427 568 audet

267 611 359 642 rem
390 602 609 652 temptare
638 597 795 651 pudor,
826 609 958 651 quam
990 597 1111 640 uires
1141 595 1259 638 ferre
1290 598 1511 638 recusent.

269 668 484 712 sedulitas
513 671 662 710 autem
696 667 832 710 stulte
863 679 996 722 quem
1026 666 1170 720 diligit
1200 668 1343 719 urget,
1688 663 1741 700 2⁴³⁰

266 739 500 793 praecipue
530 749 628 780 cum
661 748 709 779 se
741 737 939 779 numeris
970 734 1253 779 commendat
1282 738 1328 777 et
1357 737 1474 777 arte:

269 807 400 851 discit
429 808 543 850 enim
576 806 705 850 citius
737 807 1025 860 meminitque
1055 805 1270 848 libentius
1300 804 1410 846 illud

269 877 387 932 quod
418 878 515 932 quis
547 876 729 928 deridet,
760 889 892 930 quam
924 875 1042 930 quod
1072 874 1233 930 probat
1263 879 1308 917 et
1338 876 1591 916 ueneratur.

268 946 331 989 nil
362 959 508 989 moror
539 944 749 998 officium,
781 945 899 1000 quod
929 957 1001 987 me
1033 947 1203 999 grauat,
1235 955 1285 986 ac
1316 955 1460 997 neque
1491 940 1592 985 ficto

267 1016 312 1058 in
343 1017 470 1070 peius
501 1015 624 1059 uoltu
655 1015 845 1069 proponi
875 1026 1031 1058 cereus
1063 1025 1249 1067 usquam
1686 1022 1739 1047 26⁵

269 1097 350 1128 nec
379 1097 516 1139 praue
546 1084 674 1128 factis
706 1084 907 1127 decorari
937 1083 1144 1127 uersibus
1175 1086 1295 1138 opto,

270 1167 326 1197 ne
356 1155 536 1197 rubeam
567 1154 724 1209 pingui
755 1154 947 1196 donatus
977 1165 1163 1195 munere
1194 1156 1239 1195 et
1269 1165 1359 1195 una
1415 1186 1418 1190 .

271 1236 369 1267 cum
402 1224 616 1278 scriptore
647 1236 746 1266 meo
778 1236 914 1278 capsa
943 1227 1176 1277 porrectus
1207 1226 1363 1276 operta

270 1291 442 1336 deferar
471 1293 516 1336 in
547 1293 692 1336 uicum
725 1292 993 1335 uendentem
1024 1296 1098 1334 tus
1130 1295 1176 1334 et
1205 1291 1365 1335 odores

270 1367 316 1405 et
343 1363 469 1417 piper
500 1367 545 1405 et
574 1362 781 1417 quicquid
813 1362 976 1405 chartis
1008 1362 1213 1404 amicitur
1242 1361 1419 1415 ineptis.
1693 1371 1745 1398 ²70

269 1499 338 1536 257
361 1500 406 1538 S:
430 1498 545 1535 schol.
569 1498 783 1534 Pseudacr,:
809 1499 916 1533 iuxta
932 1497 1205 1540 Aristarchum,
1229 1497 1294 1544 qui
1316 1496 1463 1533 dicebat
1485 1508 1525 1533 se
1548 1508 1623 1533 non
1638 1507 1747 1544 posse

155 1545 324 1587 scribere,
339 1544 438 1591 quod
457 1544 579 1584 uellet.
596 1556 663 1581 nec
679 1544 785 1587 uelle,
828 1544 901 1580 uod
919 1549 1043 1590 posset
1087 1543 1160 1580 258
1175 1555 1228 1590 sq.
1247 1543 1333 1579 ‘non
1349 1543 1682 1579 meus—recusent’
1696 1546 1746 1582 T:

157 1591 268 1627 floril.
292 1590 468 1627 Nostrad.
515 1590 586 1626 262
598 1602 652 1637 sq.
677 1590 799 1626 ‘discit
849 1601 934 1626 omo
957 1590 1066 1626 citius
1080 1589 1345 1625 —ueneratur’
1368 1593 1414 1627 T:
1439 1589 1550 1626 floril.
1568 1590 1605 1626 N
1607 1588 1746 1626 ostrad.

155 1637 227 1674 264
245 1639 291 1677 S:
307 1636 388 1672 ‘nil
410 1637 572 1673 moror’
588 1637 627 1672 in
647 1637 797 1673 exordio
812 1636 1034 1672 hexametri:
1048 1636 1160 1682 Verg.
1178 1637 1270 1671 Aen.
1283 1635 1345 1671 XI
1364 1637 1444 1672 365.
1457 1636 1607 1672 Persius
1624 1637 1656 1679 1,
1668 1636 1746 1671 111.

156 1683 222 1720 Sil.
235 1683 285 1719 It.
295 1683 337 1719 11
351 1683 408 1720 48.
418 1683 524 1719 Paul.
532 1683 615 1719 Nol.
628 1683 665 1718 X
675 1682 744 1719 287
791 1683 862 1720 264
872 1694 926 1729 sq.
935 1684 961 1721 S
973 1694 981 1717 :
995 1682 1091 1718 Plin.
1105 1682 1210 1728 epist.
1219 1682 1254 1718 V
1263 1683 1368 1727 15,1:
1381 1683 1538 1728 pictores
1550 1681 1745 1729 pulchram

158 1729 442 1777 absolutamque
465 1729 595 1765 faciem
619 1740 704 1765 raro
727 1729 798 1764 nisi
822 1729 867 1764 in
891 1729 1025 1775 peius
1050 1728 1297 1774 effingunt
1365 1728 1433 1765 267
1454 1740 1508 1775 sq.
1525 1731 1569 1766 T:
1594 1728 1747 1775 glossar.

154 1775 234 1811 Mai
263 1776 369 1811 class.
402 1779 499 1812 auct.
531 1775 636 1812 VIII
661 1775 747 1810 124:
791 1775 892 1811 unde
921 1775 1124 1811 Horatius:
1161 1780 1198 1810 et
1229 1785 1305 1810 una
1339 1786 1425 1811 cum
1456 1775 1637 1822 scriptore
1656 1785 1748 1829 ,φορ

154 1821 900 1921 ffiffiffiffissffussog’ffi‘t„affligi?
908 1821 1081 1914 323‘12‘131?
1084 1820 1242 1914 ’ἇᾶἒῖθέ
1246 1848 1262 1902 ’.
1279 1821 1435 1903 ἷοᾎῖἷὶ·
1454 1824 1749 1904 ἒξέῗὲῑιῗέὲῖἕ

154 1914 351 1995 piperno
372 1918 524 1949 seruant
548 1918 614 1949 aut
637 1914 880 1959 Byzantiacos
904 1914 1036 1950 olent
1060 1914 1216 1950 lacertos
1233 1915 1247 1959 ΙΙ
1263 1913 1366 1950 Pers.
1389 1915 1422 1958 1,
1444 1914 1510 1950 43:
1534 1924 1602 1950 nec
1630 1924 1748 1950 soom-

181 1971 241 1995 ros
265 1961 469 1996 metuentia
491 1961 656 1996 carmina
671 1971 739 1996 nec
755 1964 829 1995 tus
846 1962 860 2006 ΙΙ
877 1959 989 1996 Mart.
1007 1959 1070 1995 III
1085 1959 1121 2003 2,
1139 1960 1158 1994 l
1176 1971 1274 2007 sqq.:
1299 1960 1406 1996 cuius
1423 1961 1482 1995 uis
1498 1959 1592 2005 fieri,
1615 1958 1749 2003 libelle,

155 2006 318 2042 munus?
342 2005 481 2042 festina
502 2006 572 2042 tibi
597 2006 781 2042 uindicem
805 2017 955 2052 parare,
987 2018 1035 2042 ne
1064 2007 1208 2052 nigram
1241 2006 1317 2042 cito
1347 2010 1476 2053 raptus
1508 2007 1548 2041 in
1583 2006 1747 2042 culinam

156 2052 327 2097 cordylas
350 2052 500 2088 madida
514 2058 616 2098 tegas
640 2063 818 2099 papyro
842 2052 901 2088 uel
924 2054 1050 2088 turis
1074 2052 1323 2099 piperisue
1337 2053 1388 2088 sis
1407 2053 1575 2088 cucullus
1593 2053 1607 2099 ΙΙ
1624 2052 1747 2099 Apoll.

157 2098 285 2134 Sidon.
321 2110 434 2134 carm.
473 2100 512 2143 9,
545 2099 615 2135 318
653 2110 730 2146 sqq.
746 2111 753 2134 ε
797 2109 863 2135 nos
907 2099 1016 2135 ualde
1060 2099 1196 2135 sterilis
1240 2099 1370 2136 modos
1413 2098 1598 2135 Camenae
1645 2110 1749 2134 rarae

272 2203 607 2239 9=EFMR73
626 2217 689 2239 πσ
707 2208 815 2249 dqm
832 2219 851 2239 v
945 2204 1016 2241 254
1052 2204 1237 2250 Auspitiis
1272 2208 1304 2239 Ε
1324 2212 1364 2239 ut
1387 2208 1462 2240 uid.
1489 2209 1501 2238 l
1568 2208 1684 2239 duella
1717 2208 1748 2239 R

1368 2265 1388 2285 v

157 2293 228 2330 255
251 2294 468 2342 Clastraque
492 2300 527 2331 Ε
569 2296 784 2333 cohibencia
806 2297 825 2331 λ
839 2311 860 2341 9
930 2297 997 2334 257
1023 2297 1101 2343 sed]
1127 2308 1165 2332 se
1179 2308 1224 2332 ni
1276 2308 1430 2343 paruom
1450 2301 1483 2332 R
1529 2307 1683 2343 paruom
1699 2308 1743 2332 π]

160 2362 318 2398 paruum
343 2361 416 2387 cett.
485 2353 555 2390 258
579 2354 716 2401 recepit
737 2369 757 2389 v
827 2354 900 2391 2-59
922 2360 1097 2391 recusant
1121 2368 1142 2390 σ
1158 2359 1201 2391 da
1273 2355 1344 2391 260
1368 2360 1501 2401 urguet
1526 2358 1701 2399 Eanli
1715 2368 1749 2389 m

160 2412 287 2454 Porph.
357 2413 465 2456 urget
495 2414 583 2446 ΕΜ
593 2412 612 2445 λ
629 2425 650 2446 σ
663 2416 728 2448 dla
743 2426 762 2447 v
857 2412 926 2448 261
958 2411 1138 2458 Precipue
1161 2412 1233 2447 Εἴ
1247 2426 1268 2448 σ
1282 2416 1379 2448 dmv
1473 2412 1543 2449 262
1567 2412 1692 2447 Discit
1714 2415 1748 2446 R

209 2469 224 2490 s

162 2500 270 2537 Dicit
294 2505 306 2535 l
374 2501 499 2537 Discit
538 2510 611 2537 cett.
628 2507 708 2547 flor.
735 2507 850 2539 Noetr.
922 2504 1034 2549 enim]
1069 2503 1181 2540 homo
1211 2509 1292 2549 flor.
1317 2508 1433 2539 Nostr.
1513 2504 1625 2540 cicius
1656 2504 1675 2538 λ
1691 2517 1712 2548 y
1728 2517 1748 2538 v

160 2558 231 2595 264
247 2558 353 2594 Nihil
365 2563 397 2594 R
443 2559 571 2595 Nichil
594 2574 620 2594 π
627 2574 684 2605 pr.
733 2560 896 2597 offitium
921 2566 964 2596 M
1027 2562 1097 2599 265
1113 2562 1278 2609 Impeius
1294 2577 1320 2597 π
1336 2567 1381 2598 ol
1430 2562 1535 2598 uoltu
1561 2567 1584 2596 d
1596 2575 1672 2596 cum
1688 2564 1717 2597 G
1730 2576 1747 2596 z

1309 2622 1327 2644 c

162 2650 272 2686 uultu
297 2658 370 2686 cett.
454 2651 523 2687 267
548 2651 586 2686 N
587 2662 627 2687 ec
651 2656 700 2687 Ei
752 2651 811 2687 Ne
835 2661 907 2688 cett.
928 2656 1014 2698 Pph.
1107 2653 1178 2690 268
1201 2659 1398 2700 porreptus
1421 2658 1458 2689 E
1501 2656 1692 2699 correptus
1716 2657 1754 2688 Ε

156 2733 217 2765 pr.
229 2724 274 2762 (r)
320 2723 508 2766 protectus
523 2725 666 2765 ylossar.
683 2724 759 2755 Mai
806 2725 935 2767 operta
958 2722 993 2756 Ω
1007 2726 1151 2767 ylossar.
1167 2726 1246 2757 Mai
1291 2702 1420 2768 aperta
1451 2736 1468 2758 e
1482 2736 1540 2767 pr.
1559 2726 1664 2758 Rern.
1681 2722 1751 2758 508

171 2780 312 2812 Vindob.
381 2776 452 2813 269
476 2777 630 2812 Deferas
659 2782 708 2813 Ει
761 2778 920 2813 Deserat
951 2792 972 2813 σ
1018 2782 1079 2814 tus
1107 2783 1517 2824 ERdymcons.Porph.
1569 2778 1658 2815 thus
1674 2782 1757 2815 ΕΠ

161 2835 254 2870 λ’πσ
301 2838 337 2871 et
361 2835 449 2870 thus
473 2839 509 2871 et
532 2850 551 2870 v
620 2835 691 2872 270
714 2835 894 2882 quidquid
916 2840 1255 2882 Ra.ras.na.ras.9
1295 2837 1471 2884 quicquid
1489 2845 1562 2873 cett.
1612 2836 1749 2874 chartis

162 2896 467 2937 Rdcomfflorph.
514 2892 680 2929 charthis
705 2897 740 2928 E
759 2907 786 2927 π
856 2893 994 2929 carthis
1018 2898 1061 2929 Μ
1064 2907 1085 2928 σ
1131 2894 1242 2930 cartis
1268 2894 1450 2940 Fil'qmv
