<?xml version="1.0" encoding="UTF-8"?>
<!DOCTYPE html PUBLIC "-//W3C//DTD XHTML 1.0 Transitional//EN"
    "http://www.w3.org/TR/xhtml1/DTD/xhtml1-transitional.dtd">
<html xmlns="http://www.w3.org/1999/xhtml" xml:lang="en" lang="en">
 <head>
  <title>
</title>
<meta http-equiv="Content-Type" content="text/html;charset=utf-8" />
  <meta name='ocr-system' content='tesseract 3.04.00' />
  <meta name='ocr-capabilities' content='ocr_page ocr_carea ocr_par ocr_line ocrx_word'/>
</head>
<body>
  <div class='ocr_page' id='page_1' title='image "./operahora02horauoft_0173.png"; bbox 0 0 1950 3236; ppageno 0'>
   <div class='ocr_carea' id='block_1_1' title="bbox 830 163 1726 207">
    <p class='ocr_par' dir='ltr' id='par_1_1' title="bbox 830 163 1726 207">
     <span class='ocr_line' id='line_1_1' title="bbox 830 163 1726 207; baseline 0.006 -5"><span class='ocrx_word' id='word_1_1' title='bbox 830 165 928 202; x_wconf 70' lang='grc' dir='ltr'>ΠΒ.</span> <span class='ocrx_word' id='word_1_2' title='bbox 953 166 985 202; x_wconf 92' lang='lat'>1.</span> <span class='ocrx_word' id='word_1_3' title='bbox 1011 167 1041 200; x_wconf 93' lang='lat'>1.</span> <span class='ocrx_word' id='word_1_4' title='bbox 1643 163 1726 207; x_wconf 88' lang='lat'>165</span> 
     </span>
    </p>
   </div>
   <div class='ocr_carea' id='block_1_2' title="bbox 248 295 1723 971">
    <p class='ocr_par' dir='ltr' id='par_1_2' title="bbox 312 295 1406 350">
     <span class='ocr_line' id='line_1_2' title="bbox 312 295 1406 350; baseline -0.002 -11"><span class='ocrx_word' id='word_1_5' title='bbox 312 295 456 340; x_wconf 88' lang='lat' dir='ltr'>feruet</span> <span class='ocrx_word' id='word_1_6' title='bbox 487 295 677 338; x_wconf 84' lang='lat' dir='ltr'>auaritia</span> <span class='ocrx_word' id='word_1_7' title='bbox 709 296 960 350; x_wconf 91' lang='lat' dir='ltr'>miseroque</span> <span class='ocrx_word' id='word_1_8' title='bbox 992 295 1198 349; x_wconf 89' lang='lat' dir='ltr'>cupidine</span> <span class='ocrx_word' id='word_1_9' title='bbox 1228 298 1406 349; x_wconf 87' lang='lat' dir='ltr'>pectus:</span> 
     </span>
    </p>

    <p class='ocr_par' dir='ltr' id='par_1_3' title="bbox 255 363 1519 418">
     <span class='ocr_line' id='line_1_3' title="bbox 255 363 1519 418; baseline -0.002 -9"><span class='ocrx_word' id='word_1_10' title='bbox 255 369 358 409; x_wconf 84' lang='lat' dir='ltr'>sunt</span> <span class='ocrx_word' id='word_1_11' title='bbox 388 364 526 408; x_wconf 86' lang='lat' dir='ltr'>uerba</span> <span class='ocrx_word' id='word_1_12' title='bbox 557 367 601 406; x_wconf 90' lang='lat' dir='ltr'>et</span> <span class='ocrx_word' id='word_1_13' title='bbox 632 376 782 415; x_wconf 90' lang='lat' dir='ltr'>uoces,</span> <span class='ocrx_word' id='word_1_14' title='bbox 814 364 975 418; x_wconf 92' lang='lat' dir='ltr'>quibus</span> <span class='ocrx_word' id='word_1_15' title='bbox 1005 363 1123 406; x_wconf 88' lang='lat' dir='ltr'>hunc</span> <span class='ocrx_word' id='word_1_16' title='bbox 1153 363 1294 406; x_wconf 89' lang='lat' dir='ltr'>lenire</span> <span class='ocrx_word' id='word_1_17' title='bbox 1326 363 1519 406; x_wconf 89' lang='lat' dir='ltr'>dolorem</span> 
     </span>
    </p>

    <p class='ocr_par' dir='ltr' id='par_1_4' title="bbox 252 433 1723 489">
     <span class='ocr_line' id='line_1_4' title="bbox 252 433 1723 489; baseline -0.004 -13"><span class='ocrx_word' id='word_1_18' title='bbox 252 435 398 489; x_wconf 89' lang='lat' dir='ltr'>possis</span> <span class='ocrx_word' id='word_1_19' title='bbox 431 438 475 476; x_wconf 88' lang='lat' dir='ltr'>et</span> <span class='ocrx_word' id='word_1_20' title='bbox 504 445 712 487; x_wconf 85' lang='lat' dir='ltr'>magnam</span> <span class='ocrx_word' id='word_1_21' title='bbox 745 433 888 476; x_wconf 88' lang='lat' dir='ltr'>morbi</span> <span class='ocrx_word' id='word_1_22' title='bbox 920 433 1142 487; x_wconf 82' lang='lat' dir='ltr'>deponere</span> <span class='ocrx_word' id='word_1_23' title='bbox 1173 436 1361 486; x_wconf 89' lang='lat' dir='ltr'>partem.</span> <span class='ocrx_word' id='word_1_24' title='bbox 1691 445 1723 470; x_wconf 79' lang='lat'>35</span> 
     </span>
    </p>

    <p class='ocr_par' dir='ltr' id='par_1_5' title="bbox 252 502 1506 556">
     <span class='ocr_line' id='line_1_5' title="bbox 252 502 1506 556; baseline -0.002 -10"><span class='ocrx_word' id='word_1_25' title='bbox 252 504 397 546; x_wconf 90' lang='lat' dir='ltr'>laudis</span> <span class='ocrx_word' id='word_1_26' title='bbox 428 514 579 546; x_wconf 89' lang='lat' dir='ltr'>amore</span> <span class='ocrx_word' id='word_1_27' title='bbox 611 506 780 544; x_wconf 91' lang='lat' dir='ltr'>tumes:</span> <span class='ocrx_word' id='word_1_28' title='bbox 813 506 918 544; x_wconf 90' lang='lat' dir='ltr'>sunt</span> <span class='ocrx_word' id='word_1_29' title='bbox 947 505 1067 545; x_wconf 88' lang='lat' dir='ltr'>certa</span> <span class='ocrx_word' id='word_1_30' title='bbox 1096 502 1284 556; x_wconf 84' lang='lat' dir='ltr'>piacula,</span> <span class='ocrx_word' id='word_1_31' title='bbox 1317 514 1431 556; x_wconf 87' lang='lat' dir='ltr'>quae</span> <span class='ocrx_word' id='word_1_32' title='bbox 1462 506 1506 544; x_wconf 91' lang='lat' dir='ltr'>te</span> 
     </span>
    </p>

    <p class='ocr_par' dir='ltr' id='par_1_6' title="bbox 252 570 1274 627">
     <span class='ocr_line' id='line_1_6' title="bbox 252 570 1274 627; baseline -0.003 -11"><span class='ocrx_word' id='word_1_33' title='bbox 252 577 318 616; x_wconf 92' lang='lat' dir='ltr'>ter</span> <span class='ocrx_word' id='word_1_34' title='bbox 349 584 460 627; x_wconf 88' lang='lat' dir='ltr'>pure</span> <span class='ocrx_word' id='word_1_35' title='bbox 490 571 606 614; x_wconf 90' lang='lat' dir='ltr'>lecto</span> <span class='ocrx_word' id='word_1_36' title='bbox 637 574 850 625; x_wconf 84' lang='lat' dir='ltr'>poterunt</span> <span class='ocrx_word' id='word_1_37' title='bbox 878 583 1078 614; x_wconf 88' lang='lat' dir='ltr'>recreare</span> <span class='ocrx_word' id='word_1_38' title='bbox 1109 570 1274 613; x_wconf 91' lang='lat' dir='ltr'>libello.</span> 
     </span>
    </p>

    <p class='ocr_par' dir='ltr' id='par_1_7' title="bbox 251 640 1341 694">
     <span class='ocr_line' id='line_1_7' title="bbox 251 640 1341 694; baseline -0.003 -9"><span class='ocrx_word' id='word_1_39' title='bbox 251 642 445 694; x_wconf 88' lang='lat' dir='ltr'>inuidus,</span> <span class='ocrx_word' id='word_1_40' title='bbox 476 640 729 692; x_wconf 85' lang='lat' dir='ltr'>iracundus,</span> <span class='ocrx_word' id='word_1_41' title='bbox 763 641 895 692; x_wconf 89' lang='lat' dir='ltr'>iners,</span> <span class='ocrx_word' id='word_1_42' title='bbox 927 641 1126 692; x_wconf 88' lang='lat' dir='ltr'>uinosus,</span> <span class='ocrx_word' id='word_1_43' title='bbox 1158 643 1341 693; x_wconf 85' lang='lat' dir='ltr'>amator,</span> 
     </span>
    </p>

    <p class='ocr_par' dir='ltr' id='par_1_8' title="bbox 252 708 1445 763">
     <span class='ocr_line' id='line_1_8' title="bbox 252 708 1445 763; baseline -0.002 -9"><span class='ocrx_word' id='word_1_44' title='bbox 252 723 383 754; x_wconf 89' lang='lat' dir='ltr'>nemo</span> <span class='ocrx_word' id='word_1_45' title='bbox 414 710 524 753; x_wconf 85' lang='lat' dir='ltr'>adeo</span> <span class='ocrx_word' id='word_1_46' title='bbox 556 708 680 752; x_wconf 87' lang='lat' dir='ltr'>ferus</span> <span class='ocrx_word' id='word_1_47' title='bbox 713 712 794 761; x_wconf 85' lang='lat' dir='ltr'>est,</span> <span class='ocrx_word' id='word_1_48' title='bbox 827 713 877 752; x_wconf 92' lang='lat' dir='ltr'>ut</span> <span class='ocrx_word' id='word_1_49' title='bbox 906 722 993 752; x_wconf 88' lang='lat' dir='ltr'>non</span> <span class='ocrx_word' id='word_1_50' title='bbox 1026 710 1258 752; x_wconf 84' lang='lat' dir='ltr'>mitescere</span> <span class='ocrx_word' id='word_1_51' title='bbox 1289 710 1445 763; x_wconf 85' lang='lat' dir='ltr'>possit,</span> 
     </span>
    </p>

    <p class='ocr_par' dir='ltr' id='par_1_9' title="bbox 251 778 1722 902">
     <span class='ocr_line' id='line_1_9' title="bbox 251 778 1722 833; baseline -0.003 -9"><span class='ocrx_word' id='word_1_52' title='bbox 251 781 289 824; x_wconf 92' lang='lat' dir='ltr'>si</span> <span class='ocrx_word' id='word_1_53' title='bbox 321 780 451 823; x_wconf 92' lang='lat' dir='ltr'>modo</span> <span class='ocrx_word' id='word_1_54' title='bbox 482 779 681 822; x_wconf 86' lang='lat' dir='ltr'>culturae</span> <span class='ocrx_word' id='word_1_55' title='bbox 711 779 954 833; x_wconf 87' lang='lat' dir='ltr'>patientem</span> <span class='ocrx_word' id='word_1_56' title='bbox 988 778 1239 821; x_wconf 83' lang='lat' dir='ltr'>commodet</span> <span class='ocrx_word' id='word_1_57' title='bbox 1269 791 1436 821; x_wconf 90' lang='lat' dir='ltr'>aurem.</span> <span class='ocrx_word' id='word_1_58' title='bbox 1688 791 1722 816; x_wconf 72' lang='lat'>40</span> 
     </span>
     <span class='ocr_line' id='line_1_10' title="bbox 309 847 1425 902; baseline -0.002 -10"><span class='ocrx_word' id='word_1_59' title='bbox 309 850 453 892; x_wconf 89' lang='lat' dir='ltr'>uirtus</span> <span class='ocrx_word' id='word_1_60' title='bbox 484 852 552 891; x_wconf 89' lang='lat' dir='ltr'>est</span> <span class='ocrx_word' id='word_1_61' title='bbox 582 848 740 891; x_wconf 91' lang='lat' dir='ltr'>uitium</span> <span class='ocrx_word' id='word_1_62' title='bbox 772 847 927 901; x_wconf 86' lang='lat' dir='ltr'>fugere</span> <span class='ocrx_word' id='word_1_63' title='bbox 958 852 1002 890; x_wconf 92' lang='lat' dir='ltr'>et</span> <span class='ocrx_word' id='word_1_64' title='bbox 1033 848 1252 902; x_wconf 82' lang='lat' dir='ltr'>sapientia</span> <span class='ocrx_word' id='word_1_65' title='bbox 1281 848 1425 902; x_wconf 88' lang='lat' dir='ltr'>prima</span> 
     </span>
    </p>

    <p class='ocr_par' dir='ltr' id='par_1_10' title="bbox 248 916 1426 971">
     <span class='ocr_line' id='line_1_11' title="bbox 248 916 1426 971; baseline -0.003 -10"><span class='ocrx_word' id='word_1_66' title='bbox 248 919 438 962; x_wconf 88' lang='lat' dir='ltr'>stultitia</span> <span class='ocrx_word' id='word_1_67' title='bbox 469 918 679 960; x_wconf 86' lang='lat' dir='ltr'>caruisse.</span> <span class='ocrx_word' id='word_1_68' title='bbox 741 916 883 967; x_wconf 87' lang='lat' dir='ltr'>uides,</span> <span class='ocrx_word' id='word_1_69' title='bbox 917 929 1029 971; x_wconf 87' lang='lat' dir='ltr'>quae</span> <span class='ocrx_word' id='word_1_70' title='bbox 1060 917 1250 958; x_wconf 86' lang='lat' dir='ltr'>maxima</span> <span class='ocrx_word' id='word_1_71' title='bbox 1281 916 1426 959; x_wconf 88' lang='lat' dir='ltr'>credis</span> 
     </span>
    </p>
   </div>
   <div class='ocr_carea' id='block_1_3' title="bbox 140 1000 415 1006">
    <p class='ocr_par' dir='ltr' id='par_1_11' title="bbox 140 1000 415 1006">
     <span class='ocr_line' id='line_1_12' title="bbox 140 1000 415 1006; baseline 0 0"><span class='ocrx_word' id='word_1_72' title='bbox 140 1000 415 1006; x_wconf 95' lang='lat' dir='ltr'> </span> 
     </span>
    </p>
   </div>
   <div class='ocr_carea' id='block_1_4' title="bbox 131 1041 1724 1643">
    <p class='ocr_par' dir='ltr' id='par_1_12' title="bbox 131 1041 1724 1643">
     <span class='ocr_line' id='line_1_13' title="bbox 134 1041 1723 1090; baseline 0.001 -11"><span class='ocrx_word' id='word_1_73' title='bbox 134 1044 315 1080; x_wconf 75' lang='lat' dir='ltr'>Alcujnus</span> <span class='ocrx_word' id='word_1_74' title='bbox 341 1042 388 1079; x_wconf 90' lang='lat' dir='ltr'>de</span> <span class='ocrx_word' id='word_1_75' title='bbox 411 1043 487 1078; x_wconf 89' lang='lat' dir='ltr'>diu.</span> <span class='ocrx_word' id='word_1_76' title='bbox 512 1042 648 1078; x_wconf 81' lang='lat' dir='ltr'>officiis</span> <span class='ocrx_word' id='word_1_77' title='bbox 673 1053 704 1078; x_wconf 85' lang='lat' dir='ltr'>c.</span> <span class='ocrx_word' id='word_1_78' title='bbox 731 1041 775 1077; x_wconf 89' lang='lat'>18</span> <span class='ocrx_word' id='word_1_79' title='bbox 799 1054 834 1088; x_wconf 91' lang='lat' dir='ltr'>p.</span> <span class='ocrx_word' id='word_1_80' title='bbox 861 1041 980 1078; x_wconf 71' lang='grc' dir='ltr'>119οἒι</span> <span class='ocrx_word' id='word_1_81' title='bbox 1020 1043 1064 1080; x_wconf 87' lang='lat' dir='ltr'>S:</span> <span class='ocrx_word' id='word_1_82' title='bbox 1090 1041 1213 1077; x_wconf 89' lang='lat' dir='ltr'>Plaut.</span> <span class='ocrx_word' id='word_1_83' title='bbox 1238 1041 1326 1076; x_wconf 89' lang='lat' dir='ltr'>trin.</span> <span class='ocrx_word' id='word_1_84' title='bbox 1349 1041 1554 1077; x_wconf 81' lang='lat'>485—487:</span> <span class='ocrx_word' id='word_1_85' title='bbox 1579 1053 1723 1090; x_wconf 83' lang='lat' dir='ltr'>semper</span> 
     </span>
     <span class='ocr_line' id='line_1_14' title="bbox 131 1088 1722 1135; baseline -0.001 -9"><span class='ocrx_word' id='word_1_86' title='bbox 131 1094 175 1126; x_wconf 90' lang='lat' dir='ltr'>tu</span> <span class='ocrx_word' id='word_1_87' title='bbox 197 1090 269 1126; x_wconf 86' lang='lat' dir='ltr'>hoc</span> <span class='ocrx_word' id='word_1_88' title='bbox 291 1089 416 1131; x_wconf 80' lang='lat' dir='ltr'>facito,</span> <span class='ocrx_word' id='word_1_89' title='bbox 441 1088 651 1132; x_wconf 82' lang='lat' dir='ltr'>Lesbonice,</span> <span class='ocrx_word' id='word_1_90' title='bbox 674 1088 812 1135; x_wconf 80' lang='lat' dir='ltr'>cogites</span> <span class='ocrx_word' id='word_1_91' title='bbox 836 1088 874 1124; x_wconf 91' lang='lat' dir='ltr'>id</span> <span class='ocrx_word' id='word_1_92' title='bbox 899 1091 1095 1135; x_wconf 89' lang='lat' dir='ltr'>optumum</span> <span class='ocrx_word' id='word_1_93' title='bbox 1129 1099 1218 1131; x_wconf 85' lang='lat' dir='ltr'>esse,</span> <span class='ocrx_word' id='word_1_94' title='bbox 1252 1091 1334 1123; x_wconf 87' lang='lat' dir='ltr'>tute</span> <span class='ocrx_word' id='word_1_95' title='bbox 1365 1089 1420 1124; x_wconf 92' lang='lat' dir='ltr'>uti</span> <span class='ocrx_word' id='word_1_96' title='bbox 1452 1089 1502 1123; x_wconf 86' lang='lat' dir='ltr'>sis</span> <span class='ocrx_word' id='word_1_97' title='bbox 1526 1093 1722 1135; x_wconf 87' lang='lat' dir='ltr'>optumus:</span> 
     </span>
     <span class='ocr_line' id='line_1_15' title="bbox 132 1134 1723 1182; baseline 0.001 -11"><span class='ocrx_word' id='word_1_98' title='bbox 132 1137 164 1172; x_wconf 87' lang='lat' dir='ltr'>si</span> <span class='ocrx_word' id='word_1_99' title='bbox 186 1136 224 1171; x_wconf 90' lang='lat' dir='ltr'>id</span> <span class='ocrx_word' id='word_1_100' title='bbox 249 1146 421 1182; x_wconf 79' lang='lat' dir='ltr'>nequeaS,</span> <span class='ocrx_word' id='word_1_101' title='bbox 445 1136 573 1170; x_wconf 83' lang='lat' dir='ltr'>saltem</span> <span class='ocrx_word' id='word_1_102' title='bbox 601 1138 642 1170; x_wconf 88' lang='lat' dir='ltr'>ut</span> <span class='ocrx_word' id='word_1_103' title='bbox 665 1135 829 1181; x_wconf 80' lang='lat' dir='ltr'>optumis</span> <span class='ocrx_word' id='word_1_104' title='bbox 854 1135 905 1170; x_wconf 83' lang='lat' dir='ltr'>sis</span> <span class='ocrx_word' id='word_1_105' title='bbox 929 1145 1137 1181; x_wconf 83' lang='lat' dir='ltr'>proxumus</span> <span class='ocrx_word' id='word_1_106' title='bbox 1229 1134 1277 1171; x_wconf 81' lang='lat'>33</span> <span class='ocrx_word' id='word_1_107' title='bbox 1308 1136 1354 1172; x_wconf 86' lang='lat' dir='ltr'>S:</span> <span class='ocrx_word' id='word_1_108' title='bbox 1388 1134 1644 1170; x_wconf 83' lang='lat' dir='ltr'>Oolumbanus</span> <span class='ocrx_word' id='word_1_109' title='bbox 1676 1136 1723 1172; x_wconf 88' lang='lat' dir='ltr'>ad</span> 
     </span>
     <span class='ocr_line' id='line_1_16' title="bbox 133 1180 1724 1227; baseline 0 -9"><span class='ocrx_word' id='word_1_110' title='bbox 133 1182 355 1218; x_wconf 78' lang='lat' dir='ltr'>Hunaldum</span> <span class='ocrx_word' id='word_1_111' title='bbox 382 1193 417 1218; x_wconf 93' lang='lat' dir='ltr'>u.</span> <span class='ocrx_word' id='word_1_112' title='bbox 439 1183 478 1217; x_wconf 82' lang='lat'>7:</span> <span class='ocrx_word' id='word_1_113' title='bbox 503 1181 636 1217; x_wconf 85' lang='lat' dir='ltr'>ardet</span> <span class='ocrx_word' id='word_1_114' title='bbox 660 1180 870 1216; x_wconf 87' lang='lat' dir='ltr'>auaritia</span> <span class='ocrx_word' id='word_1_115' title='bbox 893 1191 1072 1227; x_wconf 81' lang='lat' dir='ltr'>caecaque</span> <span class='ocrx_word' id='word_1_116' title='bbox 1096 1180 1326 1226; x_wconf 88' lang='lat' dir='ltr'>cupidine</span> <span class='ocrx_word' id='word_1_117' title='bbox 1349 1186 1514 1227; x_wconf 88' lang='lat' dir='ltr'>pectus</span> <span class='ocrx_word' id='word_1_118' title='bbox 1532 1182 1544 1226; x_wconf 82' lang='grc' dir='ltr'>Η</span> <span class='ocrx_word' id='word_1_119' title='bbox 1562 1181 1660 1216; x_wconf 84' lang='lat' dir='ltr'>idem</span> <span class='ocrx_word' id='word_1_120' title='bbox 1677 1183 1724 1219; x_wconf 83' lang='lat' dir='ltr'>ad</span> 
     </span>
     <span class='ocr_line' id='line_1_17' title="bbox 134 1226 1722 1274; baseline -0.001 -9"><span class='ocrx_word' id='word_1_121' title='bbox 134 1228 292 1265; x_wconf 82' lang='lat' dir='ltr'>Sethum</span> <span class='ocrx_word' id='word_1_122' title='bbox 307 1238 345 1263; x_wconf 90' lang='lat' dir='ltr'>u.</span> <span class='ocrx_word' id='word_1_123' title='bbox 362 1229 429 1264; x_wconf 87' lang='lat'>45:</span> <span class='ocrx_word' id='word_1_124' title='bbox 454 1238 528 1263; x_wconf 89' lang='lat' dir='ltr'>non</span> <span class='ocrx_word' id='word_1_125' title='bbox 554 1228 724 1263; x_wconf 83' lang='lat' dir='ltr'>misera</span> <span class='ocrx_word' id='word_1_126' title='bbox 747 1228 894 1273; x_wconf 83' lang='lat' dir='ltr'>capitur</span> <span class='ocrx_word' id='word_1_127' title='bbox 909 1237 1088 1273; x_wconf 85' lang='lat' dir='ltr'>caecaque</span> <span class='ocrx_word' id='word_1_128' title='bbox 1111 1226 1334 1273; x_wconf 89' lang='lat' dir='ltr'>cupidine</span> <span class='ocrx_word' id='word_1_129' title='bbox 1356 1238 1478 1262; x_wconf 87' lang='lat' dir='ltr'>rerum</span> <span class='ocrx_word' id='word_1_130' title='bbox 1542 1228 1589 1264; x_wconf 79' lang='lat'>34</span> <span class='ocrx_word' id='word_1_131' title='bbox 1605 1239 1658 1274; x_wconf 85' lang='lat' dir='ltr'>sq.</span> <span class='ocrx_word' id='word_1_132' title='bbox 1675 1231 1722 1268; x_wconf 86' lang='lat' dir='ltr'>S:</span> 
     </span>
     <span class='ocr_line' id='line_1_18' title="bbox 132 1273 1721 1334; baseline -0.001 -24"><span class='ocrx_word' id='word_1_133' title='bbox 132 1274 306 1320; x_wconf 80' lang='lat' dir='ltr'>Aeschyl.</span> <span class='ocrx_word' id='word_1_134' title='bbox 333 1274 455 1310; x_wconf 86' lang='lat' dir='ltr'>Prom.</span> <span class='ocrx_word' id='word_1_135' title='bbox 480 1274 547 1309; x_wconf 86' lang='grc'>377</span> <span class='ocrx_word' id='word_1_136' title='bbox 580 1285 653 1319; x_wconf 82' lang='lat' dir='ltr'>sq.:</span> <span class='ocrx_word' id='word_1_137' title='bbox 687 1273 891 1319; x_wconf 79' lang='grc' dir='ltr'><em>γιγνώσκεις</em></span> <span class='ocrx_word' id='word_1_138' title='bbox 922 1274 974 1307; x_wconf 82' lang='grc' dir='ltr'>ὅτι</span> <span class='ocrx_word' id='word_1_139' title='bbox 999 1273 1105 1318; x_wconf 82' lang='grc' dir='ltr'><strong><em>ὀργῆς</em></strong></span> <span class='ocrx_word' id='word_1_140' title='bbox 1140 1273 1286 1318; x_wconf 86' lang='grc' dir='ltr'><strong><em>ζεούσης</em></strong></span> <span class='ocrx_word' id='word_1_141' title='bbox 1320 1273 1405 1308; x_wconf 78' lang='grc' dir='ltr'><strong><em>εἰσὶν</em></strong></span> <span class='ocrx_word' id='word_1_142' title='bbox 1439 1273 1550 1318; x_wconf 82' lang='grc' dir='ltr'><strong><em>ἰατροὶ</em></strong></span> <span class='ocrx_word' id='word_1_143' title='bbox 1580 1274 1676 1319; x_wconf 80' lang='grc' dir='ltr'><em>λόγοι</em></span> <span class='ocrx_word' id='word_1_144' title='bbox 1703 1276 1721 1334; x_wconf 74' lang='grc' dir='ltr'>Ι]</span> 
     </span>
     <span class='ocr_line' id='line_1_19' title="bbox 133 1318 1709 1378; baseline -0.001 -22"><span class='ocrx_word' id='word_1_145' title='bbox 133 1321 224 1356; x_wconf 86' lang='lat' dir='ltr'>Euri</span> <span class='ocrx_word' id='word_1_146' title='bbox 253 1347 262 1356; x_wconf 87' lang='lat'>.</span> <span class='ocrx_word' id='word_1_147' title='bbox 279 1319 433 1378; x_wconf 73' lang='lat' dir='ltr'>Hippoi.</span> <span class='ocrx_word' id='word_1_148' title='bbox 452 1321 519 1355; x_wconf 81' lang='lat'>477</span> <span class='ocrx_word' id='word_1_149' title='bbox 539 1331 637 1366; x_wconf 82' lang='lat' dir='ltr'>sqq.:</span> <span class='ocrx_word' id='word_1_150' title='bbox 661 1325 813 1355; x_wconf 87' lang='grc' dir='ltr'><strong><em>νοσοῦσα</em></strong></span> <span class='ocrx_word' id='word_1_151' title='bbox 830 1319 862 1354; x_wconf 79' lang='grc' dir='ltr'>δ’</span> <span class='ocrx_word' id='word_1_152' title='bbox 884 1319 923 1354; x_wconf 80' lang='grc' dir='ltr'>εὖ</span> <span class='ocrx_word' id='word_1_153' title='bbox 939 1333 1017 1358; x_wconf 88' lang='grc' dir='ltr'>πως</span> <span class='ocrx_word' id='word_1_154' title='bbox 1035 1318 1100 1364; x_wconf 87' lang='grc' dir='ltr'>τὴν</span> <span class='ocrx_word' id='word_1_155' title='bbox 1114 1320 1247 1354; x_wconf 84' lang='grc' dir='ltr'><strong><em>νόσον</em></strong></span> <span class='ocrx_word' id='word_1_156' title='bbox 1264 1319 1520 1364; x_wconf 82' lang='grc' dir='ltr'><strong><em>καταστρέφου.</em></strong></span> <span class='ocrx_word' id='word_1_157' title='bbox 1554 1320 1670 1356; x_wconf 83' lang='grc' dir='ltr'><strong><em>εἰσὶν</em></strong></span> <span class='ocrx_word' id='word_1_158' title='bbox 1688 1323 1709 1357; x_wconf 80' lang='grc' dir='ltr'><em>ὃ</em></span> 
     </span>
     <span class='ocr_line' id='line_1_20' title="bbox 133 1365 1722 1412; baseline 0.001 -10"><span class='ocrx_word' id='word_1_159' title='bbox 133 1367 209 1411; x_wconf 81' lang='grc' dir='ltr'>ἔπῳ</span> <span class='ocrx_word' id='word_1_160' title='bbox 233 1367 269 1402; x_wconf 82' lang='grc' dir='ltr'>αὶ</span> <span class='ocrx_word' id='word_1_161' title='bbox 281 1380 342 1402; x_wconf 87' lang='grc' dir='ltr'>και</span> <span class='ocrx_word' id='word_1_162' title='bbox 354 1367 373 1401; x_wconf 78' lang='grc' dir='ltr'><strong><em>λ</em></strong></span> <span class='ocrx_word' id='word_1_163' title='bbox 383 1369 476 1412; x_wconf 87' lang='grc' dir='ltr'>ὁγοι</span> <span class='ocrx_word' id='word_1_164' title='bbox 492 1367 572 1402; x_wconf 78' lang='grc' dir='ltr'>θελ</span> <span class='ocrx_word' id='word_1_165' title='bbox 582 1380 605 1400; x_wconf 88' lang='grc' dir='ltr'><strong><em>κ</em></strong></span> <span class='ocrx_word' id='word_1_166' title='bbox 615 1366 664 1411; x_wconf 82' lang='grc' dir='ltr'>τή</span> <span class='ocrx_word' id='word_1_167' title='bbox 674 1380 696 1411; x_wconf 90' lang='grc' dir='ltr'><strong><em>ρ</em></strong></span> <span class='ocrx_word' id='word_1_168' title='bbox 707 1380 718 1400; x_wconf 94' lang='grc' dir='ltr'>ι</span> <span class='ocrx_word' id='word_1_169' title='bbox 728 1380 777 1400; x_wconf 87' lang='grc' dir='ltr'>οι.</span> <span class='ocrx_word' id='word_1_170' title='bbox 797 1366 992 1410; x_wconf 81' lang='grc' dir='ltr'><strong><em>φανήσεταί</em></strong></span> <span class='ocrx_word' id='word_1_171' title='bbox 1008 1379 1038 1399; x_wconf 84' lang='grc' dir='ltr'>τι</span> <span class='ocrx_word' id='word_1_172' title='bbox 1052 1366 1156 1410; x_wconf 81' lang='grc' dir='ltr'><strong><em>τῆσδε</em></strong></span> <span class='ocrx_word' id='word_1_173' title='bbox 1170 1365 1362 1410; x_wconf 84' lang='grc' dir='ltr'><strong><em>φάρμακον</em></strong></span> <span class='ocrx_word' id='word_1_174' title='bbox 1374 1367 1479 1400; x_wconf 85' lang='grc' dir='ltr'><strong><em>νόσου</em></strong></span> <span class='ocrx_word' id='word_1_175' title='bbox 1504 1366 1521 1412; x_wconf 83' lang='grc' dir='ltr'>Η</span> <span class='ocrx_word' id='word_1_176' title='bbox 1551 1366 1722 1403; x_wconf 80' lang='lat' dir='ltr'>Menand.</span> 
     </span>
     <span class='ocr_line' id='line_1_21' title="bbox 133 1410 1723 1470; baseline -0.001 -21"><span class='ocrx_word' id='word_1_177' title='bbox 133 1413 178 1448; x_wconf 82' lang='lat' dir='ltr'>fr.</span> <span class='ocrx_word' id='word_1_178' title='bbox 187 1413 256 1449; x_wconf 85' lang='lat'>540</span> <span class='ocrx_word' id='word_1_179' title='bbox 270 1412 402 1449; x_wconf 64' lang='lat' dir='ltr'>Mein:</span> <span class='ocrx_word' id='word_1_180' title='bbox 427 1413 539 1470; x_wconf 55' lang='grc' dir='ltr'><strong><em>λύπῃς</em></strong></span> <span class='ocrx_word' id='word_1_181' title='bbox 553 1413 669 1457; x_wconf 82' lang='grc' dir='ltr'><strong><em>ἰατρός</em></strong></span> <span class='ocrx_word' id='word_1_182' title='bbox 694 1412 784 1447; x_wconf 84' lang='grc' dir='ltr'><strong><em>ἐστιν</em></strong></span> <span class='ocrx_word' id='word_1_183' title='bbox 801 1411 1005 1456; x_wconf 75' lang='grc' dir='ltr'><strong><em>ἀνθρώποις</em></strong></span> <span class='ocrx_word' id='word_1_184' title='bbox 1030 1411 1130 1456; x_wconf 79' lang='grc' dir='ltr'><strong><em>λόγος</em></strong></span> <span class='ocrx_word' id='word_1_185' title='bbox 1142 1423 1149 1431; x_wconf 87' lang='grc'><em>·</em></span> <span class='ocrx_word' id='word_1_186' title='bbox 1175 1416 1296 1456; x_wconf 84' lang='grc' dir='ltr'><strong><em>ψυχῆς</em></strong></span> <span class='ocrx_word' id='word_1_187' title='bbox 1315 1410 1381 1456; x_wconf 87' lang='grc' dir='ltr'>γὰρ</span> <span class='ocrx_word' id='word_1_188' title='bbox 1399 1411 1503 1452; x_wconf 82' lang='grc' dir='ltr'><strong><em>οὗτος</em></strong></span> <span class='ocrx_word' id='word_1_189' title='bbox 1525 1413 1634 1456; x_wconf 85' lang='grc' dir='ltr'><strong><em>μόνος</em></strong></span> <span class='ocrx_word' id='word_1_190' title='bbox 1652 1413 1723 1459; x_wconf 81' lang='grc' dir='ltr'><em>ἔχει</em></span> 
     </span>
     <span class='ocr_line' id='line_1_22' title="bbox 133 1457 1722 1548; baseline 0.001 -8"><span class='ocrx_word' id='word_1_191' title='bbox 133 1458 647 1540; x_wconf 58' lang='lat' dir='ltr'>²15³:‡“111²f&#39;⁷‘}‚²3›‚⁰4-⁶u‘3²3532</span> <span class='ocrx_word' id='word_1_192' title='bbox 670 1458 832 1539; x_wconf 53' lang='grc' dir='ltr'><em>ἳῖἆάέἒι</em></span> <span class='ocrx_word' id='word_1_193' title='bbox 857 1457 1336 1548; x_wconf 53' lang='grc' dir='ltr'>ῗῖῖῖτοῶἴηῗῖστὲἷῧῑὲἴνῗί</span> <span class='ocrx_word' id='word_1_194' title='bbox 1352 1457 1706 1542; x_wconf 45' lang='grc' dir='ltr'>ξῇιῗμῗέῗῑηῧῗῑῗ</span> <span class='ocrx_word' id='word_1_195' title='bbox 1715 1475 1722 1496; x_wconf 79' lang='lat'>²</span> 
     </span>
     <span class='ocr_line' id='line_1_23' title="bbox 136 1515 1724 1597; baseline 0.001 -11"><span class='ocrx_word' id='word_1_196' title='bbox 136 1551 280 1587; x_wconf 89' lang='lat' dir='ltr'>lorem</span> <span class='ocrx_word' id='word_1_197' title='bbox 319 1551 336 1597; x_wconf 80' lang='grc' dir='ltr'>Η</span> <span class='ocrx_word' id='word_1_198' title='bbox 375 1551 446 1587; x_wconf 87' lang='lat' dir='ltr'>Ou.</span> <span class='ocrx_word' id='word_1_199' title='bbox 485 1554 569 1585; x_wconf 87' lang='lat' dir='ltr'>met.</span> <span class='ocrx_word' id='word_1_200' title='bbox 601 1550 707 1585; x_wconf 90' lang='lat' dir='ltr'>XIII</span> <span class='ocrx_word' id='word_1_201' title='bbox 742 1515 1025 1585; x_wconf 77' lang='lat' dir='ltr'>317tqlenire</span> <span class='ocrx_word' id='word_1_202' title='bbox 1067 1549 1260 1585; x_wconf 83' lang='lat' dir='ltr'>dolores</span> <span class='ocrx_word' id='word_1_203' title='bbox 1303 1549 1355 1594; x_wconf 91' lang='lat' dir='ltr'>(in</span> <span class='ocrx_word' id='word_1_204' title='bbox 1391 1549 1469 1586; x_wconf 86' lang='lat' dir='ltr'>fine</span> <span class='ocrx_word' id='word_1_205' title='bbox 1503 1551 1724 1597; x_wconf 78' lang='lat' dir='ltr'>hexametri)</span> 
     </span>
     <span class='ocr_line' id='line_1_24' title="bbox 134 1595 1724 1643; baseline 0 -9"><span class='ocrx_word' id='word_1_206' title='bbox 134 1597 182 1634; x_wconf 78' lang='lat'>35</span> <span class='ocrx_word' id='word_1_207' title='bbox 212 1598 255 1635; x_wconf 85' lang='lat' dir='ltr'>S:</span> <span class='ocrx_word' id='word_1_208' title='bbox 293 1596 429 1632; x_wconf 80' lang='lat' dir='ltr'>Catuli.</span> <span class='ocrx_word' id='word_1_209' title='bbox 462 1596 519 1640; x_wconf 81' lang='lat'>76,</span> <span class='ocrx_word' id='word_1_210' title='bbox 549 1596 614 1631; x_wconf 82' lang='lat'>25:</span> <span class='ocrx_word' id='word_1_211' title='bbox 654 1597 731 1642; x_wconf 86' lang='lat' dir='ltr'>ipse</span> <span class='ocrx_word' id='word_1_212' title='bbox 768 1597 892 1631; x_wconf 81' lang='lat' dir='ltr'>ualere</span> <span class='ocrx_word' id='word_1_213' title='bbox 927 1601 1017 1641; x_wconf 92' lang='lat' dir='ltr'>opto</span> <span class='ocrx_word' id='word_1_214' title='bbox 1057 1599 1093 1631; x_wconf 92' lang='lat' dir='ltr'>et</span> <span class='ocrx_word' id='word_1_215' title='bbox 1130 1599 1289 1631; x_wconf 86' lang='lat' dir='ltr'>taetrum</span> <span class='ocrx_word' id='word_1_216' title='bbox 1326 1595 1450 1632; x_wconf 87' lang='lat' dir='ltr'>hunc</span> <span class='ocrx_word' id='word_1_217' title='bbox 1485 1596 1538 1633; x_wconf 87' lang='lat' dir='ltr'>de</span> <span class='ocrx_word' id='word_1_218' title='bbox 1551 1608 1724 1643; x_wconf 89' lang='lat' dir='ltr'>ponere</span> 
     </span>
    </p>
   </div>
   <div class='ocr_carea' id='block_1_5' title="bbox 134 1641 1724 1735">
    <p class='ocr_par' dir='ltr' id='par_1_13' title="bbox 134 1641 1724 1735">
     <span class='ocr_line' id='line_1_25' title="bbox 134 1641 1723 1690; baseline 0.002 -12"><span class='ocrx_word' id='word_1_219' title='bbox 134 1643 342 1678; x_wconf 83' lang='lat' dir='ltr'>morbum</span> <span class='ocrx_word' id='word_1_220' title='bbox 374 1642 440 1689; x_wconf 89' lang='lat' dir='ltr'>(sc.</span> <span class='ocrx_word' id='word_1_221' title='bbox 465 1644 639 1686; x_wconf 84' lang='lat' dir='ltr'>amorem)</span> <span class='ocrx_word' id='word_1_222' title='bbox 708 1642 755 1678; x_wconf 80' lang='lat'>36</span> <span class='ocrx_word' id='word_1_223' title='bbox 779 1652 832 1688; x_wconf 89' lang='lat' dir='ltr'>sq.</span> <span class='ocrx_word' id='word_1_224' title='bbox 856 1644 901 1678; x_wconf 81' lang='lat' dir='ltr'>T:</span> <span class='ocrx_word' id='word_1_225' title='bbox 939 1641 1171 1686; x_wconf 79' lang='lat' dir='ltr'>Augustinus</span> <span class='ocrx_word' id='word_1_226' title='bbox 1205 1641 1251 1677; x_wconf 89' lang='lat' dir='ltr'>de</span> <span class='ocrx_word' id='word_1_227' title='bbox 1274 1642 1378 1677; x_wconf 90' lang='lat' dir='ltr'>ciuit.</span> <span class='ocrx_word' id='word_1_228' title='bbox 1403 1642 1439 1678; x_wconf 90' lang='lat' dir='ltr'>d.</span> <span class='ocrx_word' id='word_1_229' title='bbox 1464 1642 1502 1679; x_wconf 91' lang='lat' dir='ltr'><strong>V</strong></span> <span class='ocrx_word' id='word_1_230' title='bbox 1526 1644 1591 1686; x_wconf 86' lang='lat'>13;</span> <span class='ocrx_word' id='word_1_231' title='bbox 1617 1645 1723 1690; x_wconf 84' lang='lat' dir='ltr'>epist.</span> 
     </span>
     <span class='ocr_line' id='line_1_26' title="bbox 138 1687 1724 1735; baseline 0.002 -11"><span class='ocrx_word' id='word_1_232' title='bbox 138 1688 224 1724; x_wconf 91' lang='lat' dir='ltr'>IIII</span> <span class='ocrx_word' id='word_1_233' title='bbox 248 1688 328 1733; x_wconf 88' lang='lat'>231,</span> <span class='ocrx_word' id='word_1_234' title='bbox 351 1689 373 1724; x_wconf 86' lang='lat'>3</span> <span class='ocrx_word' id='word_1_235' title='bbox 442 1688 490 1725; x_wconf 79' lang='lat'>36</span> <span class='ocrx_word' id='word_1_236' title='bbox 505 1690 550 1726; x_wconf 88' lang='lat' dir='ltr'>S:</span> <span class='ocrx_word' id='word_1_237' title='bbox 581 1687 689 1723; x_wconf 69' lang='lat' dir='ltr'>Prud.</span> <span class='ocrx_word' id='word_1_238' title='bbox 708 1687 907 1734; x_wconf 82' lang='lat' dir='ltr'>peristeph.</span> <span class='ocrx_word' id='word_1_239' title='bbox 923 1687 1028 1723; x_wconf 87' lang='lat' dir='ltr'><strong>XIII</strong></span> <span class='ocrx_word' id='word_1_240' title='bbox 1053 1688 1117 1723; x_wconf 78' lang='lat'>75:</span> <span class='ocrx_word' id='word_1_241' title='bbox 1141 1687 1304 1723; x_wconf 81' lang='lat' dir='ltr'>laudis</span> <span class='ocrx_word' id='word_1_242' title='bbox 1328 1689 1475 1724; x_wconf 84' lang='lat' dir='ltr'>amori</span> <span class='ocrx_word' id='word_1_243' title='bbox 1501 1691 1554 1735; x_wconf 92' lang='lat' dir='ltr'>(in</span> <span class='ocrx_word' id='word_1_244' title='bbox 1572 1691 1724 1728; x_wconf 85' lang='lat' dir='ltr'>exordio</span> 
     </span>
    </p>
   </div>
   <div class='ocr_carea' id='block_1_6' title="bbox 65 1734 1723 1787">
    <p class='ocr_par' dir='ltr' id='par_1_14' title="bbox 65 1734 1723 1787">
     <span class='ocr_line' id='line_1_27' title="bbox 65 1734 1723 1787; baseline 0.002 -17"><span class='ocrx_word' id='word_1_245' title='bbox 65 1758 67 1761; x_wconf 93' lang='lat'>-</span> <span class='ocrx_word' id='word_1_246' title='bbox 136 1736 278 1787; x_wconf 76' lang='lat' dir='ltr'>uersus)</span> <span class='ocrx_word' id='word_1_247' title='bbox 392 1734 440 1771; x_wconf 84' lang='lat'>39</span> <span class='ocrx_word' id='word_1_248' title='bbox 473 1746 527 1781; x_wconf 87' lang='lat' dir='ltr'>sq.</span> <span class='ocrx_word' id='word_1_249' title='bbox 559 1735 603 1772; x_wconf 89' lang='lat' dir='ltr'>S:</span> <span class='ocrx_word' id='word_1_250' title='bbox 645 1735 779 1770; x_wconf 85' lang='lat' dir='ltr'>Accius</span> <span class='ocrx_word' id='word_1_251' title='bbox 810 1737 904 1780; x_wconf 87' lang='lat' dir='ltr'>trag.</span> <span class='ocrx_word' id='word_1_252' title='bbox 936 1745 973 1769; x_wconf 91' lang='lat' dir='ltr'>u.</span> <span class='ocrx_word' id='word_1_253' title='bbox 1007 1734 1074 1770; x_wconf 87' lang='lat'>683</span> <span class='ocrx_word' id='word_1_254' title='bbox 1113 1744 1166 1780; x_wconf 87' lang='lat' dir='ltr'>sq.</span> <span class='ocrx_word' id='word_1_255' title='bbox 1199 1745 1236 1780; x_wconf 88' lang='lat' dir='ltr'>p.</span> <span class='ocrx_word' id='word_1_256' title='bbox 1268 1734 1338 1769; x_wconf 83' lang='lat'>224</span> <span class='ocrx_word' id='word_1_257' title='bbox 1358 1734 1436 1770; x_wconf 54' lang='lat' dir='ltr'>RJ:</span> <span class='ocrx_word' id='word_1_258' title='bbox 1477 1736 1624 1771; x_wconf 89' lang='lat' dir='ltr'>nullum</span> <span class='ocrx_word' id='word_1_259' title='bbox 1667 1744 1723 1774; x_wconf 87' lang='lat' dir='ltr'>est</span> 
     </span>
    </p>
   </div>
   <div class='ocr_carea' id='block_1_7' title="bbox 131 1780 1723 2564">
    <p class='ocr_par' dir='ltr' id='par_1_15' title="bbox 131 1780 1723 2564">
     <span class='ocr_line' id='line_1_28' title="bbox 136 1780 1722 1829; baseline 0.002 -13"><span class='ocrx_word' id='word_1_260' title='bbox 136 1781 322 1827; x_wconf 82' lang='lat' dir='ltr'>ingenium</span> <span class='ocrx_word' id='word_1_261' title='bbox 360 1783 506 1816; x_wconf 87' lang='lat' dir='ltr'>tantum</span> <span class='ocrx_word' id='word_1_262' title='bbox 551 1791 670 1826; x_wconf 86' lang='lat' dir='ltr'>neque</span> <span class='ocrx_word' id='word_1_263' title='bbox 708 1791 771 1816; x_wconf 85' lang='lat' dir='ltr'>cor</span> <span class='ocrx_word' id='word_1_264' title='bbox 805 1783 881 1816; x_wconf 89' lang='lat' dir='ltr'>tam</span> <span class='ocrx_word' id='word_1_265' title='bbox 915 1781 1084 1822; x_wconf 77' lang='lat' dir='ltr'>ferum,</span> <span class='ocrx_word' id='word_1_266' title='bbox 1130 1780 1230 1826; x_wconf 89' lang='lat' dir='ltr'>quod</span> <span class='ocrx_word' id='word_1_267' title='bbox 1261 1791 1336 1816; x_wconf 91' lang='lat' dir='ltr'>non</span> <span class='ocrx_word' id='word_1_268' title='bbox 1373 1780 1539 1818; x_wconf 84' lang='lat' dir='ltr'>laba-scat</span> <span class='ocrx_word' id='word_1_269' title='bbox 1576 1783 1722 1829; x_wconf 82' lang='lat' dir='ltr'>lingua,</span> 
     </span>
     <span class='ocr_line' id='line_1_29' title="bbox 133 1826 1721 1873; baseline 0.003 -11"><span class='ocrx_word' id='word_1_270' title='bbox 133 1828 346 1862; x_wconf 83' lang='lat' dir='ltr'>mitiscat</span> <span class='ocrx_word' id='word_1_271' title='bbox 378 1826 476 1863; x_wconf 86' lang='lat' dir='ltr'>malo</span> <span class='ocrx_word' id='word_1_272' title='bbox 504 1828 517 1871; x_wconf 75' lang='lat' dir='ltr'>l!</span> <span class='ocrx_word' id='word_1_273' title='bbox 547 1826 717 1862; x_wconf 84' lang='lat' dir='ltr'>Lactant.</span> <span class='ocrx_word' id='word_1_274' title='bbox 749 1826 795 1862; x_wconf 89' lang='lat' dir='ltr'>de</span> <span class='ocrx_word' id='word_1_275' title='bbox 825 1831 935 1862; x_wconf 89' lang='lat' dir='ltr'>mort.</span> <span class='ocrx_word' id='word_1_276' title='bbox 966 1837 1102 1873; x_wconf 88' lang='lat' dir='ltr'>persec.</span> <span class='ocrx_word' id='word_1_277' title='bbox 1134 1828 1177 1862; x_wconf 85' lang='lat'>3:</span> <span class='ocrx_word' id='word_1_278' title='bbox 1210 1827 1344 1862; x_wconf 83' lang='lat' dir='ltr'>nulla</span> <span class='ocrx_word' id='word_1_279' title='bbox 1368 1853 1378 1862; x_wconf 89' lang='lat'>.</span> <span class='ocrx_word' id='word_1_280' title='bbox 1409 1854 1418 1863; x_wconf 89' lang='lat'>.</span> <span class='ocrx_word' id='word_1_281' title='bbox 1453 1855 1460 1863; x_wconf 97' lang='lat'>.</span> <span class='ocrx_word' id='word_1_282' title='bbox 1494 1830 1597 1865; x_wconf 82' lang='lat' dir='ltr'>natio</span> <span class='ocrx_word' id='word_1_283' title='bbox 1628 1834 1721 1866; x_wconf 85' lang='lat' dir='ltr'>tam</span> 
     </span>
     <span class='ocr_line' id='line_1_30' title="bbox 134 1872 1723 1921; baseline 0.003 -14"><span class='ocrx_word' id='word_1_284' title='bbox 134 1873 250 1908; x_wconf 80' lang='lat' dir='ltr'>feris</span> <span class='ocrx_word' id='word_1_285' title='bbox 281 1872 447 1908; x_wconf 87' lang='lat' dir='ltr'>moribus</span> <span class='ocrx_word' id='word_1_286' title='bbox 481 1875 623 1912; x_wconf 77' lang='lat' dir='ltr'>uineas,</span> <span class='ocrx_word' id='word_1_287' title='bbox 659 1877 710 1907; x_wconf 90' lang='lat' dir='ltr'>ut</span> <span class='ocrx_word' id='word_1_288' title='bbox 745 1883 834 1908; x_wconf 91' lang='lat' dir='ltr'>non</span> <span class='ocrx_word' id='word_1_289' title='bbox 872 1876 1043 1919; x_wconf 80' lang='lat' dir='ltr'>suscepto</span> <span class='ocrx_word' id='word_1_290' title='bbox 1074 1872 1132 1908; x_wconf 86' lang='lat' dir='ltr'>dei</span> <span class='ocrx_word' id='word_1_291' title='bbox 1167 1872 1303 1908; x_wconf 88' lang='lat' dir='ltr'>cultu</span> <span class='ocrx_word' id='word_1_292' title='bbox 1338 1873 1386 1909; x_wconf 81' lang='lat' dir='ltr'>ad</span> <span class='ocrx_word' id='word_1_293' title='bbox 1417 1874 1582 1911; x_wconf 83' lang='lat' dir='ltr'>iustitiae</span> <span class='ocrx_word' id='word_1_294' title='bbox 1610 1886 1723 1921; x_wconf 83' lang='lat' dir='ltr'>opera</span> 
     </span>
     <span class='ocr_line' id='line_1_31' title="bbox 132 1918 1721 1964; baseline 0.003 -10"><span class='ocrx_word' id='word_1_295' title='bbox 132 1919 408 1955; x_wconf 79' lang='lat' dir='ltr'>mitesceret</span> <span class='ocrx_word' id='word_1_296' title='bbox 439 1920 453 1964; x_wconf 81' lang='grc' dir='ltr'>ΙΙ</span> <span class='ocrx_word' id='word_1_297' title='bbox 487 1919 573 1955; x_wconf 82' lang='lat' dir='ltr'>Sen.</span> <span class='ocrx_word' id='word_1_298' title='bbox 598 1919 644 1954; x_wconf 89' lang='lat' dir='ltr'>de</span> <span class='ocrx_word' id='word_1_299' title='bbox 674 1919 729 1954; x_wconf 84' lang='lat' dir='ltr'>ira</span> <span class='ocrx_word' id='word_1_300' title='bbox 762 1918 804 1954; x_wconf 89' lang='lat'>11</span> <span class='ocrx_word' id='word_1_301' title='bbox 838 1919 904 1954; x_wconf 89' lang='lat'>12:</span> <span class='ocrx_word' id='word_1_302' title='bbox 937 1918 1063 1954; x_wconf 90' lang='lat' dir='ltr'>nulli</span> <span class='ocrx_word' id='word_1_303' title='bbox 1096 1923 1185 1954; x_wconf 84' lang='lat' dir='ltr'>sunt</span> <span class='ocrx_word' id='word_1_304' title='bbox 1217 1922 1310 1954; x_wconf 89' lang='lat' dir='ltr'>tam</span> <span class='ocrx_word' id='word_1_305' title='bbox 1342 1919 1436 1955; x_wconf 79' lang='lat' dir='ltr'>feri</span> <span class='ocrx_word' id='word_1_306' title='bbox 1469 1924 1505 1955; x_wconf 89' lang='lat' dir='ltr'>et</span> <span class='ocrx_word' id='word_1_307' title='bbox 1536 1921 1595 1956; x_wconf 90' lang='lat' dir='ltr'>sui</span> <span class='ocrx_word' id='word_1_308' title='bbox 1629 1922 1721 1958; x_wconf 85' lang='lat' dir='ltr'>iuris</span> 
     </span>
     <span class='ocr_line' id='line_1_32' title="bbox 132 1963 1721 2012; baseline 0.003 -12"><span class='ocrx_word' id='word_1_309' title='bbox 132 1965 301 2007; x_wconf 77' lang='lat' dir='ltr'>affectus,</span> <span class='ocrx_word' id='word_1_310' title='bbox 326 1968 377 2000; x_wconf 87' lang='lat' dir='ltr'>ut</span> <span class='ocrx_word' id='word_1_311' title='bbox 400 1975 490 2000; x_wconf 89' lang='lat' dir='ltr'>non</span> <span class='ocrx_word' id='word_1_312' title='bbox 514 1963 711 2011; x_wconf 80' lang='lat' dir='ltr'>disciplina</span> <span class='ocrx_word' id='word_1_313' title='bbox 733 1964 997 2011; x_wconf 88' lang='lat' dir='ltr'>perdomentur</span> <span class='ocrx_word' id='word_1_314' title='bbox 1021 1966 1033 2009; x_wconf 83' lang='grc'><strong>[1</strong></span> <span class='ocrx_word' id='word_1_315' title='bbox 1059 1964 1221 2001; x_wconf 86' lang='lat' dir='ltr'>Brunck.</span> <span class='ocrx_word' id='word_1_316' title='bbox 1246 1976 1370 2011; x_wconf 88' lang='lat' dir='ltr'>gnom.</span> <span class='ocrx_word' id='word_1_317' title='bbox 1394 1977 1430 2012; x_wconf 87' lang='lat' dir='ltr'>p.</span> <span class='ocrx_word' id='word_1_318' title='bbox 1455 1967 1543 2003; x_wconf 83' lang='lat'>320:</span> <span class='ocrx_word' id='word_1_319' title='bbox 1569 1968 1721 2008; x_wconf 83' lang='grc' dir='ltr'><strong><em>ἅπαντας</em></strong></span> 
     </span>
     <span class='ocr_line' id='line_1_33' title="bbox 131 2010 1720 2056; baseline 0.003 -10"><span class='ocrx_word' id='word_1_320' title='bbox 131 2010 154 2056; x_wconf 85' lang='grc' dir='ltr'><em>ἦ</em></span> <span class='ocrx_word' id='word_1_321' title='bbox 185 2012 366 2049; x_wconf 84' lang='grc' dir='ltr'><strong><em>παίδευσις</em></strong></span> <span class='ocrx_word' id='word_1_322' title='bbox 398 2010 552 2056; x_wconf 83' lang='grc' dir='ltr'><strong><em>ἡμέρους</em></strong></span> <span class='ocrx_word' id='word_1_323' title='bbox 582 2016 679 2045; x_wconf 83' lang='grc' dir='ltr'><strong><em>ποιεῖ</em></strong></span> <span class='ocrx_word' id='word_1_324' title='bbox 765 2011 813 2047; x_wconf 83' lang='grc'>39</span> <span class='ocrx_word' id='word_1_325' title='bbox 842 2015 889 2050; x_wconf 82' lang='lat' dir='ltr'>T:</span> <span class='ocrx_word' id='word_1_326' title='bbox 922 2010 1034 2047; x_wconf 84' lang='lat' dir='ltr'>floril.</span> <span class='ocrx_word' id='word_1_327' title='bbox 1068 2011 1184 2047; x_wconf 82' lang='lat' dir='ltr'>PariS.</span> <span class='ocrx_word' id='word_1_328' title='bbox 1207 2010 1300 2048; x_wconf 87' lang='grc'>8069</span> <span class='ocrx_word' id='word_1_329' title='bbox 1333 2016 1369 2047; x_wconf 81' lang='lat' dir='ltr'>et</span> <span class='ocrx_word' id='word_1_330' title='bbox 1399 2011 1519 2049; x_wconf 78' lang='lat' dir='ltr'>8818a</span> <span class='ocrx_word' id='word_1_331' title='bbox 1605 2016 1654 2051; x_wconf 73' lang='lat'>40</span> <span class='ocrx_word' id='word_1_332' title='bbox 1677 2017 1720 2054; x_wconf 88' lang='lat' dir='ltr'>S:</span> 
     </span>
     <span class='ocr_line' id='line_1_34' title="bbox 131 2056 1721 2105; baseline 0.002 -12"><span class='ocrx_word' id='word_1_333' title='bbox 131 2056 319 2093; x_wconf 73' lang='lat' dir='ltr'>Arnobius</span> <span class='ocrx_word' id='word_1_334' title='bbox 337 2056 422 2092; x_wconf 89' lang='lat' dir='ltr'>IIII</span> <span class='ocrx_word' id='word_1_335' title='bbox 438 2068 474 2103; x_wconf 88' lang='lat' dir='ltr'>p.</span> <span class='ocrx_word' id='word_1_336' title='bbox 493 2056 579 2091; x_wconf 86' lang='lat'>149:</span> <span class='ocrx_word' id='word_1_337' title='bbox 613 2068 678 2092; x_wconf 87' lang='lat' dir='ltr'>uos</span> <span class='ocrx_word' id='word_1_338' title='bbox 703 2067 841 2093; x_wconf 83' lang='lat' dir='ltr'>aures</span> <span class='ocrx_word' id='word_1_339' title='bbox 865 2057 1155 2104; x_wconf 79' lang='lat' dir='ltr'>patientissimas</span> <span class='ocrx_word' id='word_1_340' title='bbox 1188 2058 1502 2095; x_wconf 85' lang='lat' dir='ltr'>commodatis</span> <span class='ocrx_word' id='word_1_341' title='bbox 1530 2061 1543 2105; x_wconf 84' lang='grc' dir='ltr'>ΙΙ</span> <span class='ocrx_word' id='word_1_342' title='bbox 1569 2059 1721 2097; x_wconf 88' lang='lat' dir='ltr'>Firmic.</span> 
     </span>
     <span class='ocr_line' id='line_1_35' title="bbox 131 2102 1723 2149; baseline 0.004 -11"><span class='ocrx_word' id='word_1_343' title='bbox 131 2103 290 2140; x_wconf 82' lang='lat' dir='ltr'>Matern.</span> <span class='ocrx_word' id='word_1_344' title='bbox 313 2103 359 2139; x_wconf 88' lang='lat'>25</span> <span class='ocrx_word' id='word_1_345' title='bbox 383 2115 420 2149; x_wconf 91' lang='lat' dir='ltr'>p.</span> <span class='ocrx_word' id='word_1_346' title='bbox 445 2103 502 2146; x_wconf 84' lang='lat'>65,</span> <span class='ocrx_word' id='word_1_347' title='bbox 527 2102 549 2138; x_wconf 88' lang='grc'><strong>6</strong></span> <span class='ocrx_word' id='word_1_348' title='bbox 572 2114 625 2149; x_wconf 84' lang='lat' dir='ltr'>sq.</span> <span class='ocrx_word' id='word_1_349' title='bbox 651 2103 812 2149; x_wconf 87' lang='lat' dir='ltr'>Ziegler:</span> <span class='ocrx_word' id='word_1_350' title='bbox 846 2108 1059 2140; x_wconf 84' lang='lat' dir='ltr'>sanctarum</span> <span class='ocrx_word' id='word_1_351' title='bbox 1093 2104 1280 2139; x_wconf 87' lang='lat' dir='ltr'>aurium</span> <span class='ocrx_word' id='word_1_352' title='bbox 1305 2104 1398 2140; x_wconf 90' lang='lat' dir='ltr'>mihi</span> <span class='ocrx_word' id='word_1_353' title='bbox 1423 2106 1723 2144; x_wconf 87' lang='lat' dir='ltr'>commodate</span> 
     </span>
     <span class='ocr_line' id='line_1_36' title="bbox 131 2149 1722 2196; baseline 0.003 -11"><span class='ocrx_word' id='word_1_354' title='bbox 131 2150 349 2196; x_wconf 78' lang='lat' dir='ltr'>patientiam</span> <span class='ocrx_word' id='word_1_355' title='bbox 366 2150 379 2195; x_wconf 85' lang='grc' dir='ltr'>ΙΙ</span> <span class='ocrx_word' id='word_1_356' title='bbox 398 2149 468 2186; x_wconf 94' lang='lat' dir='ltr'>Ou.</span> <span class='ocrx_word' id='word_1_357' title='bbox 494 2150 588 2184; x_wconf 87' lang='lat' dir='ltr'>trist.</span> <span class='ocrx_word' id='word_1_358' title='bbox 615 2150 649 2184; x_wconf 91' lang='lat' dir='ltr'>V</span> <span class='ocrx_word' id='word_1_359' title='bbox 675 2150 732 2193; x_wconf 87' lang='grc'>12,</span> <span class='ocrx_word' id='word_1_360' title='bbox 756 2149 820 2186; x_wconf 87' lang='lat'>53:</span> <span class='ocrx_word' id='word_1_361' title='bbox 854 2149 1120 2186; x_wconf 87' lang='lat' dir='ltr'>commodet</span> <span class='ocrx_word' id='word_1_362' title='bbox 1144 2161 1304 2186; x_wconf 82' lang='lat' dir='ltr'>aurem</span> <span class='ocrx_word' id='word_1_363' title='bbox 1322 2151 1400 2196; x_wconf 73' lang='lat' dir='ltr'>Hcs.</span> <span class='ocrx_word' id='word_1_364' title='bbox 1426 2163 1454 2187; x_wconf 91' lang='lat' dir='ltr'>s.</span> <span class='ocrx_word' id='word_1_365' title='bbox 1480 2152 1500 2186; x_wconf 91' lang='lat' dir='ltr'>I</span> <span class='ocrx_word' id='word_1_366' title='bbox 1527 2154 1558 2196; x_wconf 89' lang='lat'>1,</span> <span class='ocrx_word' id='word_1_367' title='bbox 1581 2152 1646 2188; x_wconf 87' lang='lat'>22:</span> <span class='ocrx_word' id='word_1_368' title='bbox 1679 2158 1722 2190; x_wconf 93' lang='lat' dir='ltr'>ut</span> 
     </span>
     <span class='ocr_line' id='line_1_37' title="bbox 133 2195 1720 2246; baseline 0.002 -15"><span class='ocrx_word' id='word_1_369' title='bbox 133 2195 359 2242; x_wconf 76' lang='lat' dir='ltr'>praebeat</span> <span class='ocrx_word' id='word_1_370' title='bbox 382 2206 541 2231; x_wconf 87' lang='lat' dir='ltr'>aurem</span> <span class='ocrx_word' id='word_1_371' title='bbox 610 2196 656 2231; x_wconf 80' lang='lat'>41</span> <span class='ocrx_word' id='word_1_372' title='bbox 680 2207 734 2242; x_wconf 86' lang='lat' dir='ltr'>sq.</span> <span class='ocrx_word' id='word_1_373' title='bbox 759 2198 803 2235; x_wconf 88' lang='lat' dir='ltr'>S:</span> <span class='ocrx_word' id='word_1_374' title='bbox 829 2195 997 2232; x_wconf 83' lang='lat' dir='ltr'>Cleobul.</span> <span class='ocrx_word' id='word_1_375' title='bbox 1021 2208 1080 2243; x_wconf 91' lang='lat' dir='ltr'>ap.</span> <span class='ocrx_word' id='word_1_376' title='bbox 1107 2196 1263 2242; x_wconf 85' lang='lat' dir='ltr'>Diogen.</span> <span class='ocrx_word' id='word_1_377' title='bbox 1282 2197 1404 2233; x_wconf 85' lang='lat' dir='ltr'>Laert.</span> <span class='ocrx_word' id='word_1_378' title='bbox 1422 2198 1443 2233; x_wconf 97' lang='lat' dir='ltr'>I</span> <span class='ocrx_word' id='word_1_379' title='bbox 1467 2198 1530 2233; x_wconf 76' lang='lat'>92:</span> <span class='ocrx_word' id='word_1_380' title='bbox 1555 2199 1720 2246; x_wconf 83' lang='grc' dir='ltr'><strong><em>ἀρετῆς</em></strong></span> 
     </span>
     <span class='ocr_line' id='line_1_38' title="bbox 134 2241 1719 2292; baseline 0.003 -16"><span class='ocrx_word' id='word_1_381' title='bbox 134 2241 305 2277; x_wconf 79' lang='grc' dir='ltr'><strong><em>οἰκεῖον</em></strong></span> <span class='ocrx_word' id='word_1_382' title='bbox 320 2241 419 2284; x_wconf 85' lang='grc' dir='ltr'><strong><em>εἶναι,</em></strong></span> <span class='ocrx_word' id='word_1_383' title='bbox 436 2243 564 2280; x_wconf 85' lang='grc' dir='ltr'><strong><em>κακίας</em></strong></span> <span class='ocrx_word' id='word_1_384' title='bbox 581 2242 772 2287; x_wconf 76' lang='grc' dir='ltr'><strong><em>ἀλλότριον,</em></strong></span> <span class='ocrx_word' id='word_1_385' title='bbox 797 2242 986 2278; x_wconf 82' lang='grc' dir='ltr'><strong><em>ἀδικίαν</em></strong></span> <span class='ocrx_word' id='word_1_386' title='bbox 1011 2243 1200 2288; x_wconf 84' lang='grc' dir='ltr'><em>φεύγειν</em></span> <span class='ocrx_word' id='word_1_387' title='bbox 1217 2244 1229 2289; x_wconf 79' lang='grc' dir='ltr'>ΙΙ</span> <span class='ocrx_word' id='word_1_388' title='bbox 1247 2243 1410 2290; x_wconf 83' lang='lat' dir='ltr'>Theogn.</span> <span class='ocrx_word' id='word_1_389' title='bbox 1428 2245 1517 2280; x_wconf 90' lang='grc'><strong>1177</strong></span> <span class='ocrx_word' id='word_1_390' title='bbox 1534 2256 1588 2292; x_wconf 85' lang='lat' dir='ltr'>sq.</span> <span class='ocrx_word' id='word_1_391' title='bbox 1606 2246 1719 2292; x_wconf 85' lang='lat' dir='ltr'>ng.:</span> 
     </span>
     <span class='ocr_line' id='line_1_39' title="bbox 132 2286 1720 2337; baseline 0.004 -16"><span class='ocrx_word' id='word_1_392' title='bbox 132 2287 169 2321; x_wconf 84' lang='grc' dir='ltr'>εἴ</span> <span class='ocrx_word' id='word_1_393' title='bbox 186 2286 218 2321; x_wconf 78' lang='grc' dir='ltr'>κ’</span> <span class='ocrx_word' id='word_1_394' title='bbox 244 2288 317 2333; x_wconf 83' lang='grc' dir='ltr'><strong><em>εἴης</em></strong></span> <span class='ocrx_word' id='word_1_395' title='bbox 341 2288 454 2333; x_wconf 83' lang='grc' dir='ltr'><em>ἔργων</em></span> <span class='ocrx_word' id='word_1_396' title='bbox 478 2288 681 2333; x_wconf 86' lang='grc' dir='ltr'><strong><em>αἰσχρῶν</em></strong></span> <span class='ocrx_word' id='word_1_397' title='bbox 705 2288 886 2334; x_wconf 75' lang='grc' dir='ltr'><strong><em>ἀπαθὴς</em></strong></span> <span class='ocrx_word' id='word_1_398' title='bbox 910 2289 971 2324; x_wconf 88' lang='grc' dir='ltr'>καὶ</span> <span class='ocrx_word' id='word_1_399' title='bbox 996 2289 1131 2334; x_wconf 83' lang='grc' dir='ltr'>ἄεργός,</span> <span class='ocrx_word' id='word_1_400' title='bbox 1156 2289 1285 2334; x_wconf 78' lang='grc' dir='ltr'><strong><em>Κύρνε,</em></strong></span> <span class='ocrx_word' id='word_1_401' title='bbox 1316 2291 1480 2336; x_wconf 85' lang='grc' dir='ltr'>μεγίστην</span> <span class='ocrx_word' id='word_1_402' title='bbox 1512 2305 1574 2326; x_wconf 84' lang='grc' dir='ltr'>κεν</span> <span class='ocrx_word' id='word_1_403' title='bbox 1596 2298 1720 2337; x_wconf 83' lang='grc' dir='ltr'><strong><em>πεῖραν</em></strong></span> 
     </span>
     <span class='ocr_line' id='line_1_40' title="bbox 133 2332 1720 2383; baseline 0.004 -16"><span class='ocrx_word' id='word_1_404' title='bbox 133 2332 225 2377; x_wconf 83' lang='grc' dir='ltr'><strong><em>ἔχοις</em></strong></span> <span class='ocrx_word' id='word_1_405' title='bbox 256 2333 419 2379; x_wconf 81' lang='grc' dir='ltr'><strong><em>ἀρετῆς</em></strong></span> <span class='ocrx_word' id='word_1_406' title='bbox 449 2335 461 2379; x_wconf 85' lang='grc' dir='ltr'><strong>Η</strong></span> <span class='ocrx_word' id='word_1_407' title='bbox 489 2334 622 2369; x_wconf 88' lang='lat' dir='ltr'>quen.</span> <span class='ocrx_word' id='word_1_408' title='bbox 647 2335 703 2378; x_wconf 89' lang='lat'>13,</span> <span class='ocrx_word' id='word_1_409' title='bbox 729 2334 815 2370; x_wconf 88' lang='lat'>189:</span> <span class='ocrx_word' id='word_1_410' title='bbox 841 2335 995 2381; x_wconf 85' lang='lat' dir='ltr'>prima</span> <span class='ocrx_word' id='word_1_411' title='bbox 1018 2335 1126 2371; x_wconf 88' lang='lat' dir='ltr'>docet</span> <span class='ocrx_word' id='word_1_412' title='bbox 1150 2340 1294 2371; x_wconf 89' lang='lat' dir='ltr'>rectum</span> <span class='ocrx_word' id='word_1_413' title='bbox 1319 2337 1564 2383; x_wconf 79' lang='lat' dir='ltr'>sapientia</span> <span class='ocrx_word' id='word_1_414' title='bbox 1593 2339 1606 2383; x_wconf 86' lang='grc' dir='ltr'>Η</span> <span class='ocrx_word' id='word_1_415' title='bbox 1636 2338 1720 2374; x_wconf 82' lang='lat' dir='ltr'>Sen.</span> 
     </span>
     <span class='ocr_line' id='line_1_41' title="bbox 134 2378 1721 2428; baseline 0.004 -15"><span class='ocrx_word' id='word_1_416' title='bbox 134 2379 237 2423; x_wconf 84' lang='lat' dir='ltr'>epist.</span> <span class='ocrx_word' id='word_1_417' title='bbox 259 2378 316 2421; x_wconf 83' lang='lat'>28,</span> <span class='ocrx_word' id='word_1_418' title='bbox 340 2379 380 2415; x_wconf 86' lang='lat'>9:</span> <span class='ocrx_word' id='word_1_419' title='bbox 413 2379 574 2415; x_wconf 78' lang='lat' dir='ltr'>‘initium</span> <span class='ocrx_word' id='word_1_420' title='bbox 598 2385 654 2416; x_wconf 88' lang='lat' dir='ltr'>est</span> <span class='ocrx_word' id='word_1_421' title='bbox 678 2380 811 2416; x_wconf 82' lang='lat' dir='ltr'>salutis</span> <span class='ocrx_word' id='word_1_422' title='bbox 834 2382 970 2417; x_wconf 76' lang='lat' dir='ltr'>notitia</span> <span class='ocrx_word' id='word_1_423' title='bbox 1001 2381 1156 2428; x_wconf 85' lang='lat' dir='ltr'>peccati’</span> <span class='ocrx_word' id='word_1_424' title='bbox 1180 2382 1322 2427; x_wconf 81' lang='lat' dir='ltr'>egregie</span> <span class='ocrx_word' id='word_1_425' title='bbox 1352 2382 1444 2418; x_wconf 89' lang='lat' dir='ltr'>mihi</span> <span class='ocrx_word' id='word_1_426' title='bbox 1479 2383 1550 2419; x_wconf 90' lang='lat' dir='ltr'>hoc</span> <span class='ocrx_word' id='word_1_427' title='bbox 1582 2383 1721 2420; x_wconf 85' lang='lat' dir='ltr'>dixisse</span> 
     </span>
     <span class='ocr_line' id='line_1_42' title="bbox 134 2424 1720 2473; baseline 0.003 -13"><span class='ocrx_word' id='word_1_428' title='bbox 134 2424 283 2460; x_wconf 84' lang='lat' dir='ltr'>uidetur</span> <span class='ocrx_word' id='word_1_429' title='bbox 304 2425 489 2472; x_wconf 89' lang='lat' dir='ltr'>Epicurus</span> <span class='ocrx_word' id='word_1_430' title='bbox 515 2427 530 2473; x_wconf 86' lang='grc' dir='ltr'>ΙΙ</span> <span class='ocrx_word' id='word_1_431' title='bbox 558 2426 716 2471; x_wconf 77' lang='lat' dir='ltr'>Quintil.</span> <span class='ocrx_word' id='word_1_432' title='bbox 742 2427 827 2462; x_wconf 87' lang='lat' dir='ltr'>inst.</span> <span class='ocrx_word' id='word_1_433' title='bbox 852 2427 952 2463; x_wconf 92' lang='lat' dir='ltr'>VIII</span> <span class='ocrx_word' id='word_1_434' title='bbox 976 2429 1010 2471; x_wconf 86' lang='lat'>3,</span> <span class='ocrx_word' id='word_1_435' title='bbox 1034 2428 1098 2463; x_wconf 82' lang='lat'>41:</span> <span class='ocrx_word' id='word_1_436' title='bbox 1132 2428 1286 2473; x_wconf 83' lang='lat' dir='ltr'>prima</span> <span class='ocrx_word' id='word_1_437' title='bbox 1318 2430 1474 2464; x_wconf 88' lang='lat' dir='ltr'>uirtus</span> <span class='ocrx_word' id='word_1_438' title='bbox 1507 2435 1563 2465; x_wconf 89' lang='lat' dir='ltr'>est</span> <span class='ocrx_word' id='word_1_439' title='bbox 1595 2430 1720 2466; x_wconf 91' lang='lat' dir='ltr'>uitio</span> 
     </span>
     <span class='ocr_line' id='line_1_43' title="bbox 134 2472 1720 2519; baseline 0.004 -14"><span class='ocrx_word' id='word_1_440' title='bbox 134 2481 292 2507; x_wconf 83' lang='lat' dir='ltr'>carere</span> <span class='ocrx_word' id='word_1_441' title='bbox 381 2474 428 2508; x_wconf 76' lang='lat'>41</span> <span class='ocrx_word' id='word_1_442' title='bbox 452 2472 774 2519; x_wconf 59' lang='lat' dir='ltr'>“uirtus—fugere&#39;</span> <span class='ocrx_word' id='word_1_443' title='bbox 798 2476 848 2511; x_wconf 84' lang='lat' dir='ltr'>T:</span> <span class='ocrx_word' id='word_1_444' title='bbox 875 2473 1033 2518; x_wconf 82' lang='lat' dir='ltr'>Quintil.</span> <span class='ocrx_word' id='word_1_445' title='bbox 1051 2474 1138 2509; x_wconf 87' lang='lat' dir='ltr'>inst.</span> <span class='ocrx_word' id='word_1_446' title='bbox 1164 2473 1287 2510; x_wconf 82' lang='lat' dir='ltr'>VIIII</span> <span class='ocrx_word' id='word_1_447' title='bbox 1311 2474 1346 2518; x_wconf 73' lang='lat'>3,</span> <span class='ocrx_word' id='word_1_448' title='bbox 1372 2474 1434 2518; x_wconf 78' lang='lat'>103</span> <span class='ocrx_word' id='word_1_449' title='bbox 1467 2475 1579 2511; x_wconf 86' lang='lat' dir='ltr'>floril.</span> <span class='ocrx_word' id='word_1_450' title='bbox 1603 2476 1720 2511; x_wconf 84' lang='lat' dir='ltr'>Paris.</span> 
     </span>
     <span class='ocr_line' id='line_1_44' title="bbox 134 2515 1146 2564; baseline 0.003 -12"><span class='ocrx_word' id='word_1_451' title='bbox 134 2515 225 2552; x_wconf 85' lang='grc'>8069</span> <span class='ocrx_word' id='word_1_452' title='bbox 234 2528 243 2559; x_wconf 88' lang='lat'>;</span> <span class='ocrx_word' id='word_1_453' title='bbox 267 2516 495 2564; x_wconf 84' lang='lat' dir='ltr'>uituperauit</span> <span class='ocrx_word' id='word_1_454' title='bbox 520 2518 691 2554; x_wconf 85' lang='lat' dir='ltr'>Lactant.</span> <span class='ocrx_word' id='word_1_455' title='bbox 716 2519 834 2555; x_wconf 87' lang='lat' dir='ltr'>instit.</span> <span class='ocrx_word' id='word_1_456' title='bbox 858 2519 935 2555; x_wconf 92' lang='lat' dir='ltr'>diu.</span> <span class='ocrx_word' id='word_1_457' title='bbox 960 2520 1019 2556; x_wconf 91' lang='lat' dir='ltr'>VI</span> <span class='ocrx_word' id='word_1_458' title='bbox 1044 2522 1077 2563; x_wconf 85' lang='lat'>5,</span> <span class='ocrx_word' id='word_1_459' title='bbox 1103 2520 1146 2555; x_wconf 93' lang='lat'>12</span> 
     </span>
    </p>
   </div>
   <div class='ocr_carea' id='block_1_8' title="bbox 139 2601 412 2607">
    <p class='ocr_par' dir='ltr' id='par_1_16' title="bbox 139 2601 412 2607">
     <span class='ocr_line' id='line_1_45' title="bbox 139 2601 412 2607; baseline 0 0"><span class='ocrx_word' id='word_1_460' title='bbox 139 2601 412 2607; x_wconf 95' lang='lat' dir='ltr'> </span> 
     </span>
    </p>
   </div>
   <div class='ocr_carea' id='block_1_9' title="bbox 131 2642 1721 3023">
    <p class='ocr_par' dir='ltr' id='par_1_17' title="bbox 131 2642 1721 3023">
     <span class='ocr_line' id='line_1_46' title="bbox 251 2642 1721 2694; baseline 0.003 -16"><span class='ocrx_word' id='word_1_461' title='bbox 251 2642 285 2678; x_wconf 87' lang='grc' dir='ltr'><strong>Ω</strong></span> <span class='ocrx_word' id='word_1_462' title='bbox 299 2659 345 2674; x_wconf 91' lang='lat'>=</span> <span class='ocrx_word' id='word_1_463' title='bbox 359 2648 674 2689; x_wconf 72' lang='lat' dir='ltr'>AEF(&lt;p1p)MR</span> <span class='ocrx_word' id='word_1_464' title='bbox 691 2659 710 2690; x_wconf 83' lang='grc' dir='ltr'><em>γ</em></span> <span class='ocrx_word' id='word_1_465' title='bbox 727 2643 850 2688; x_wconf 79' lang='grc' dir='ltr'><strong><em>δ’(ὅά)</em></strong></span> <span class='ocrx_word' id='word_1_466' title='bbox 868 2645 978 2688; x_wconf 74' lang='grc' dir='ltr'><em>λ’(λῑ)</em></span> <span class='ocrx_word' id='word_1_467' title='bbox 995 2659 1015 2681; x_wconf 86' lang='grc' dir='ltr'><strong><em>ν</em></strong></span> <span class='ocrx_word' id='word_1_468' title='bbox 1031 2659 1058 2680; x_wconf 82' lang='grc' dir='ltr'><em>π</em></span> <span class='ocrx_word' id='word_1_469' title='bbox 1074 2659 1096 2681; x_wconf 92' lang='grc' dir='ltr'><strong><em>σ</em></strong></span> <span class='ocrx_word' id='word_1_470' title='bbox 1112 2660 1133 2690; x_wconf 80' lang='lat'><strong><em>9</em></strong></span> <span class='ocrx_word' id='word_1_471' title='bbox 1148 2659 1183 2681; x_wconf 85' lang='lat' dir='ltr'>m</span> <span class='ocrx_word' id='word_1_472' title='bbox 1199 2660 1218 2681; x_wconf 85' lang='lat' dir='ltr'><em>v</em></span> <span class='ocrx_word' id='word_1_473' title='bbox 1311 2647 1360 2683; x_wconf 79' lang='lat'>33</span> <span class='ocrx_word' id='word_1_474' title='bbox 1383 2648 1546 2683; x_wconf 82' lang='lat' dir='ltr'>auaricia</span> <span class='ocrx_word' id='word_1_475' title='bbox 1569 2648 1721 2694; x_wconf 61' lang='lat' dir='ltr'>szqv</span> 
     </span>
     <span class='ocr_line' id='line_1_47' title="bbox 134 2699 1720 2752; baseline 0.004 -17"><span class='ocrx_word' id='word_1_476' title='bbox 134 2699 268 2736; x_wconf 80' lang='lat' dir='ltr'>misero</span> <span class='ocrx_word' id='word_1_477' title='bbox 293 2701 327 2735; x_wconf 92' lang='grc' dir='ltr'><strong>Ω</strong></span> <span class='ocrx_word' id='word_1_478' title='bbox 357 2702 490 2737; x_wconf 80' lang='lat' dir='ltr'>misera</span> <span class='ocrx_word' id='word_1_479' title='bbox 521 2712 562 2736; x_wconf 60' lang='grc' dir='ltr'>νῇ</span> <span class='ocrx_word' id='word_1_480' title='bbox 583 2705 693 2745; x_wconf 74' lang='lat' dir='ltr'>florib.</span> <span class='ocrx_word' id='word_1_481' title='bbox 721 2705 838 2737; x_wconf 74' lang='lat' dir='ltr'>Nostr.</span> <span class='ocrx_word' id='word_1_482' title='bbox 886 2703 1021 2749; x_wconf 86' lang='lat' dir='ltr'>cupine</span> <span class='ocrx_word' id='word_1_483' title='bbox 1046 2707 1077 2737; x_wconf 75' lang='lat' dir='ltr'><strong><em>A</em></strong></span> <span class='ocrx_word' id='word_1_484' title='bbox 1211 2703 1258 2740; x_wconf 74' lang='lat'>34</span> <span class='ocrx_word' id='word_1_485' title='bbox 1281 2704 1383 2740; x_wconf 87' lang='lat' dir='ltr'>hunc</span> <span class='ocrx_word' id='word_1_486' title='bbox 1406 2718 1515 2750; x_wconf 71' lang='lat' dir='ltr'>supra</span> <span class='ocrx_word' id='word_1_487' title='bbox 1537 2719 1676 2741; x_wconf 66' lang='lat' dir='ltr'>uersum</span> <span class='ocrx_word' id='word_1_488' title='bbox 1700 2720 1720 2752; x_wconf 81' lang='grc' dir='ltr'><em>γ</em></span> 
     </span>
     <span class='ocr_line' id='line_1_48' title="bbox 132 2756 1718 2807; baseline 0.004 -15"><span class='ocrx_word' id='word_1_489' title='bbox 132 2756 241 2793; x_wconf 89' lang='lat' dir='ltr'>linire</span> <span class='ocrx_word' id='word_1_490' title='bbox 255 2761 287 2792; x_wconf 78' lang='lat' dir='ltr'><strong><em>A</em></strong></span> <span class='ocrx_word' id='word_1_491' title='bbox 304 2768 343 2802; x_wconf 80' lang='grc' dir='ltr'>γι</span> <span class='ocrx_word' id='word_1_492' title='bbox 360 2767 421 2793; x_wconf 79' lang='lat' dir='ltr'>aut</span> <span class='ocrx_word' id='word_1_493' title='bbox 429 2772 486 2803; x_wconf 80' lang='lat' dir='ltr'>pr.</span> <span class='ocrx_word' id='word_1_494' title='bbox 535 2758 704 2794; x_wconf 83' lang='lat' dir='ltr'>dolorum</span> <span class='ocrx_word' id='word_1_495' title='bbox 724 2763 775 2795; x_wconf 81' lang='lat' dir='ltr'>Ri</span> <span class='ocrx_word' id='word_1_496' title='bbox 848 2760 895 2796; x_wconf 80' lang='lat'>35</span> <span class='ocrx_word' id='word_1_497' title='bbox 912 2760 1055 2796; x_wconf 84' lang='lat' dir='ltr'>Possim</span> <span class='ocrx_word' id='word_1_498' title='bbox 1078 2764 1111 2795; x_wconf 86' lang='lat' dir='ltr'><em>R</em></span> <span class='ocrx_word' id='word_1_499' title='bbox 1158 2772 1294 2807; x_wconf 84' lang='lat' dir='ltr'>magna</span> <span class='ocrx_word' id='word_1_500' title='bbox 1309 2762 1348 2797; x_wconf 81' lang='grc' dir='ltr'>δι</span> <span class='ocrx_word' id='word_1_501' title='bbox 1362 2775 1383 2806; x_wconf 75' lang='lat'><strong><em>9</em></strong></span> <span class='ocrx_word' id='word_1_502' title='bbox 1451 2761 1499 2798; x_wconf 76' lang='lat'>36</span> <span class='ocrx_word' id='word_1_503' title='bbox 1522 2766 1669 2799; x_wconf 87' lang='lat' dir='ltr'>tumens</span> <span class='ocrx_word' id='word_1_504' title='bbox 1685 2768 1718 2800; x_wconf 75' lang='lat' dir='ltr'><em>A</em></span> 
     </span>
     <span class='ocr_line' id='line_1_49' title="bbox 133 2816 1720 2864; baseline 0.005 -15"><span class='ocrx_word' id='word_1_505' title='bbox 133 2818 231 2850; x_wconf 86' lang='lat' dir='ltr'>certe</span> <span class='ocrx_word' id='word_1_506' title='bbox 252 2819 304 2850; x_wconf 83' lang='lat' dir='ltr'>El</span> <span class='ocrx_word' id='word_1_507' title='bbox 357 2819 468 2861; x_wconf 89' lang='lat' dir='ltr'>quete</span> <span class='ocrx_word' id='word_1_508' title='bbox 491 2820 522 2850; x_wconf 82' lang='lat' dir='ltr'><strong><em>A</em></strong></span> <span class='ocrx_word' id='word_1_509' title='bbox 592 2816 637 2852; x_wconf 81' lang='lat'>37</span> <span class='ocrx_word' id='word_1_510' title='bbox 662 2816 747 2862; x_wconf 90' lang='lat' dir='ltr'>puri</span> <span class='ocrx_word' id='word_1_511' title='bbox 771 2820 821 2852; x_wconf 85' lang='lat' dir='ltr'>R1</span> <span class='ocrx_word' id='word_1_512' title='bbox 895 2817 941 2854; x_wconf 79' lang='lat'>38</span> <span class='ocrx_word' id='word_1_513' title='bbox 965 2817 1090 2853; x_wconf 83' lang='lat' dir='ltr'>inhers</span> <span class='ocrx_word' id='word_1_514' title='bbox 1116 2818 1176 2853; x_wconf 75' lang='grc' dir='ltr'><em>Αό</em></span> <span class='ocrx_word' id='word_1_515' title='bbox 1254 2818 1301 2855; x_wconf 80' lang='lat'>39</span> <span class='ocrx_word' id='word_1_516' title='bbox 1325 2823 1368 2854; x_wconf 89' lang='lat' dir='ltr'>ut</span> <span class='ocrx_word' id='word_1_517' title='bbox 1392 2819 1427 2854; x_wconf 88' lang='grc' dir='ltr'><em>Ω</em></span> <span class='ocrx_word' id='word_1_518' title='bbox 1440 2823 1522 2864; x_wconf 84' lang='lat' dir='ltr'>flor.</span> <span class='ocrx_word' id='word_1_519' title='bbox 1546 2823 1661 2856; x_wconf 75' lang='lat' dir='ltr'>Nom.</span> <span class='ocrx_word' id='word_1_520' title='bbox 1687 2829 1720 2857; x_wconf 74' lang='grc' dir='ltr'>οι</span> 
     </span>
     <span class='ocr_line' id='line_1_50' title="bbox 131 2872 1719 2924; baseline 0.004 -17"><span class='ocrx_word' id='word_1_521' title='bbox 131 2876 246 2907; x_wconf 73' lang='lat' dir='ltr'>Paris.</span> <span class='ocrx_word' id='word_1_522' title='bbox 255 2872 346 2908; x_wconf 83' lang='lat'>8069</span> <span class='ocrx_word' id='word_1_523' title='bbox 387 2874 449 2919; x_wconf 87' lang='lat' dir='ltr'>qui</span> <span class='ocrx_word' id='word_1_524' title='bbox 463 2886 485 2917; x_wconf 77' lang='lat' dir='ltr'><strong><em>y</em></strong></span> <span class='ocrx_word' id='word_1_525' title='bbox 494 2876 574 2917; x_wconf 89' lang='lat' dir='ltr'>flor.</span> <span class='ocrx_word' id='word_1_526' title='bbox 589 2877 703 2908; x_wconf 71' lang='lat' dir='ltr'>Paris.</span> <span class='ocrx_word' id='word_1_527' title='bbox 713 2873 806 2910; x_wconf 83' lang='lat'>8818</span> <span class='ocrx_word' id='word_1_528' title='bbox 816 2884 834 2901; x_wconf 74' lang='lat'>²</span> <span class='ocrx_word' id='word_1_529' title='bbox 867 2875 1074 2910; x_wconf 78' lang='lat' dir='ltr'>mittescere</span> <span class='ocrx_word' id='word_1_530' title='bbox 1088 2879 1125 2910; x_wconf 86' lang='grc' dir='ltr'><em>Ε</em></span> <span class='ocrx_word' id='word_1_531' title='bbox 1132 2879 1180 2911; x_wconf 86' lang='lat' dir='ltr'>Rl</span> <span class='ocrx_word' id='word_1_532' title='bbox 1239 2875 1287 2912; x_wconf 74' lang='lat'>40</span> <span class='ocrx_word' id='word_1_533' title='bbox 1301 2876 1505 2922; x_wconf 81' lang='lat' dir='ltr'>pacientem</span> <span class='ocrx_word' id='word_1_534' title='bbox 1528 2878 1719 2924; x_wconf 68' lang='grc' dir='ltr'>ΙΓλπσςηι</span> 
     </span>
     <span class='ocr_line' id='line_1_51' title="bbox 132 2930 1717 2982; baseline 0.004 -17"><span class='ocrx_word' id='word_1_535' title='bbox 132 2931 177 2965; x_wconf 81' lang='lat'>41</span> <span class='ocrx_word' id='word_1_536' title='bbox 202 2930 340 2966; x_wconf 89' lang='lat' dir='ltr'>uicium</span> <span class='ocrx_word' id='word_1_537' title='bbox 372 2933 417 2965; x_wconf 82' lang='grc' dir='ltr'><em>Μ</em></span> <span class='ocrx_word' id='word_1_538' title='bbox 419 2944 440 2975; x_wconf 80' lang='lat'><em>9</em></span> <span class='ocrx_word' id='word_1_539' title='bbox 510 2931 696 2976; x_wconf 85' lang='lat' dir='ltr'>sapiencia</span> <span class='ocrx_word' id='word_1_540' title='bbox 726 2931 744 2965; x_wconf 79' lang='grc' dir='ltr'><em>λ</em></span> <span class='ocrx_word' id='word_1_541' title='bbox 754 2945 775 2976; x_wconf 74' lang='lat' dir='ltr'><em>q</em></span> <span class='ocrx_word' id='word_1_542' title='bbox 890 2932 937 2967; x_wconf 79' lang='lat'>42</span> <span class='ocrx_word' id='word_1_543' title='bbox 969 2931 1108 2969; x_wconf 72' lang='lat' dir='ltr'>stultia</span> <span class='ocrx_word' id='word_1_544' title='bbox 1139 2937 1190 2969; x_wconf 86' lang='lat' dir='ltr'>R1</span> <span class='ocrx_word' id='word_1_545' title='bbox 1267 2933 1440 2971; x_wconf 76' lang='lat' dir='ltr'>stulticia</span> <span class='ocrx_word' id='word_1_546' title='bbox 1462 2938 1540 2970; x_wconf 78' lang='grc' dir='ltr'>ΑΕ</span> <span class='ocrx_word' id='word_1_547' title='bbox 1567 2936 1717 2982; x_wconf 71' lang='grc' dir='ltr'><strong><em>Μλσςυ</em></strong></span> 
     </span>
     <span class='ocr_line' id='line_1_52' title="bbox 132 2987 455 3023; baseline 0 -1"><span class='ocrx_word' id='word_1_548' title='bbox 132 2987 263 3023; x_wconf 82' lang='lat' dir='ltr'>uidens</span> <span class='ocrx_word' id='word_1_549' title='bbox 287 2993 319 3023; x_wconf 71' lang='lat' dir='ltr'><strong><em>A</em></strong></span> <span class='ocrx_word' id='word_1_550' title='bbox 339 3001 372 3022; x_wconf 89' lang='grc' dir='ltr'>α.</span> <span class='ocrx_word' id='word_1_551' title='bbox 385 3001 455 3023; x_wconf 73' lang='lat' dir='ltr'>ras.</span> 
     </span>
    </p>
   </div>
  </div>
 </body>
</html>
