1950 3236
828 124 926 161 LIB.
950 124 982 160 Ι.
1007 125 1040 161 1.
1635 123 1718 166 163

253 270 309 300 ne
340 256 551 312 populum
583 258 779 298 extrema
808 255 972 298 totiens
1003 256 1154 297 exoret
1183 252 1361 297 harena.

255 331 325 370 est
354 325 461 368 mihi
489 328 724 380 purgatam
756 324 913 367 crebro
944 323 1019 378 qui
1049 325 1262 377 personet
1291 332 1466 364 aurem:

257 395 397 439 esolue
427 396 726 437 senescentem
761 396 934 435 mature
964 404 1100 435 sanus
1132 403 1302 446 equom,
1334 402 1391 432 ne

254 468 405 520 peccet
434 463 490 506 ad
521 466 764 505 extremum
795 462 1010 505 ridendus
1041 465 1086 504 et
1114 461 1191 504 ilia
1221 459 1382 504 ducat⁹.

254 546 373 576 nunc
401 532 550 586 itaque
580 536 623 573 et
654 543 813 574 uersus
845 534 888 573 et
919 534 1065 573 cetera
1094 530 1264 572 ludicra
1293 540 1437 583 pono;
1688 536 1719 563 ιο

256 602 361 656 quid
377 613 532 644 uerum
549 603 682 654 atque
700 599 874 652 decens,
892 611 998 642 curo
1015 602 1059 642 et
1075 611 1184 653 rogo
1205 601 1251 640 et
1271 597 1414 640 omnis
1435 596 1480 639 in
1498 594 1581 639 hoo
1597 607 1695 638 sum
1710 607 1720 647 ;

256 670 396 714 condo
428 674 471 712 et
501 681 730 723 compono,
760 680 873 723 quae
903 681 1004 711 mox
1035 669 1295 722 depromere
1325 665 1510 720 possim.

312 752 363 783 ac
392 751 449 782 ne
479 737 594 781 forte
624 749 769 791 roges,
802 750 889 792 quo
920 749 991 779 me
1023 737 1147 788 duce,
1179 748 1266 790 quo
1297 735 1391 778 lare
1422 737 1565 777 tuter:

258 809 425 852 nullius
455 807 655 851 addictus
685 807 834 850 iurare
864 807 910 849 in
941 806 1078 849 uerba
1107 804 1325 860 magistri,

257 890 344 933 quo
374 889 446 919 me
476 888 663 930 cumque
693 876 811 930 rapit
840 878 1096 930 tempestas,
1129 873 1304 917 deferor
1334 872 1513 927 hospes.
1693 881 1723 908 1⁵

257 959 374 990 nune
403 945 531 1000 agilis
561 943 619 987 fio
651 948 695 987 et
724 956 898 987 mersor
929 944 1134 987 ciuilibus
1165 942 1312 994 undis,

257 1016 436 1059 uirtutis
467 1026 600 1057 uerae
630 1018 781 1057 custos
812 1014 1072 1068 rigidusque
1108 1011 1312 1064 satelles;

258 1097 375 1128 nunc
404 1085 449 1127 in
481 1083 700 1138 Aristippi
730 1082 883 1126 furtim
914 1085 1152 1137 praecepta
1181 1081 1357 1124 relabor

259 1199 278 1234 7
311 1209 409 1244 sqq.:
441 1198 484 1235 S:
511 1196 584 1233 Ou.
608 1197 703 1232 trist.
728 1195 814 1231 1111
838 1195 872 1240 8,
905 1195 949 1231 19
981 1207 1078 1243 sqq.:
1119 1207 1166 1231 ne
1204 1194 1314 1231 cadat
1345 1197 1383 1230 et
1415 1193 1553 1229 multas
1585 1193 1728 1239 palmas

144 1243 356 1280 inhonestet
379 1243 546 1290 adeptus,
577 1241 778 1289 languidus
803 1243 841 1277 in
865 1243 981 1289 pratis
1005 1242 1175 1288 gramina
1205 1241 1323 1288 carpit
1354 1251 1510 1287 equus.
1556 1239 1662 1274 miles
1686 1242 1729 1274 ut

143 1289 303 1326 emeritis
333 1301 409 1326 non
442 1298 498 1324 est
529 1291 618 1326 satis
650 1289 753 1324 utilis
786 1290 906 1332 annis,
936 1289 1043 1334 ponit
1075 1288 1124 1324 ad
1154 1288 1339 1334 antiquos,
1370 1297 1466 1333 quae
1496 1284 1584 1321 tulit
1615 1295 1729 1328 arma,

145 1336 270 1372 Lares.
296 1336 348 1372 sio
372 1336 485 1382 igitur
507 1335 615 1371 tarda
637 1336 734 1371 uires
766 1336 958 1371 minuente
988 1338 1143 1378 senecta,
1175 1345 1235 1370 me
1267 1344 1413 1380 quoque
1442 1332 1610 1368 donari
1640 1331 1729 1366 iam

146 1381 259 1418 rude
279 1382 330 1429 (u.
348 1382 386 1429 2)
402 1386 549 1428 tempus
567 1386 645 1417 erat
719 1383 738 1418 7
755 1383 800 1420 S:
818 1381 929 1427 Verg.
946 1381 1011 1417 ecl.
1027 1380 1062 1424 2,
1079 1380 1125 1416 36
1143 1384 1179 1416 et
1194 1380 1227 1424 3,
1245 1379 1308 1415 33:
1326 1379 1393 1415 ‘est
1405 1378 1508 1414 mihi’
1523 1378 1563 1412 in
1580 1377 1730 1413 exordio

142 1428 287 1464 hexam.
305 1430 318 1474 ΙΙ
343 1428 464 1464 Plaut.
490 1428 565 1462 mil.
590 1427 653 1463 111
681 1429 712 1471 1,
737 1428 804 1463 179
829 1428 913 1473 (774
929 1427 1006 1470 R.):
1032 1425 1579 1473 perpurgatis..auribus
1597 1425 1610 1469 Η
1627 1423 1728 1459 Pers.

147 1474 180 1517 5,
204 1474 268 1510 96:
300 1478 375 1509 stat
398 1479 527 1510 contra
550 1474 644 1509 ratio
676 1478 712 1509 et
743 1479 920 1509 secretam
952 1474 1068 1519 garrit
1098 1473 1138 1507 in
1169 1483 1294 1508 aurem
1319 1473 1332 1517 ΙΙ
1358 1472 1454 1507 idem
1478 1472 1512 1514 5,
1536 1470 1599 1506 63:
1624 1480 1732 1516 pur-

149 1524 285 1566 gatas
308 1521 437 1555 inseris
461 1531 595 1555 aures
613 1519 720 1565 fruge
735 1519 939 1555 Cleanthea
986 1539 988 1542 ·
1007 1519 1030 1555 8
1046 1529 1100 1565 sq.
1116 1521 1160 1556 T:
1179 1518 1290 1555 floril.
1307 1516 1484 1554 Nostrad.
1523 1518 1567 1555 S:
1585 1516 1730 1551 Ennius

149 1565 250 1611 apud
273 1566 348 1601 Cic.
373 1566 418 1601 de
441 1569 574 1601 senect.
599 1568 632 1608 5,
658 1566 720 1600 14:
751 1566 848 1600 sicut
880 1566 987 1605 fortis
1018 1576 1144 1611 equos,
1174 1576 1192 1600 s
1220 1566 1295 1600 atio
1326 1565 1390 1611 qui
1422 1575 1529 1610 saepe
1559 1572 1732 1608 supremo
1801 1603 1806 1609 ,

149 1612 241 1647 uicit
273 1611 458 1658 Olympia,
491 1622 591 1647 nunc
622 1612 723 1647 senio
755 1611 936 1647 confectu’
960 1612 1115 1657 quiescit
1139 1612 1152 1656 ΙΙ
1177 1576 1317 1657 Ιὲγοιιε
1348 1610 1482 1656 fragm.
1513 1608 1536 1643 2
1556 1608 1606 1644 B:
1641 1608 1731 1643 ὥστε

151 1657 342 1703 φερέζυγος
374 1659 476 1695 ἵππος
508 1657 729 1702 ἀεθλοφόρος
759 1657 838 1692 ποτὶ
869 1657 978 1702 γήραϊ
1004 1657 1123 1692 ἀέκων
1149 1684 1156 1691 .
1184 1684 1191 1691 .
1219 1684 1225 1691 .
1251 1657 1286 1696 ἐς
1318 1657 1465 1701 ἅμιλλαν
1498 1656 1563 1701 ἔβα
1639 1655 1664 1691 9
1685 1656 1731 1693 S:

151 1704 245 1739 Ven.
262 1703 366 1739 Fort.
385 1703 463 1738 VII
479 1703 513 1746 8,
532 1704 591 1739 10:
617 1704 700 1739 ilia
718 1703 816 1738 lassa
830 1704 1024 1739 trahens
1093 1705 1139 1739 11
1155 1706 1197 1741 T:
1215 1703 1325 1740 florii.
1342 1702 1518 1739 Nostrad.
1546 1704 1588 1740 S:
1602 1700 1733 1737 Boeth.

149 1754 346 1786 comment.
371 1750 410 1784 in
434 1750 523 1795 isag.
547 1749 684 1795 Porph.
708 1749 771 1785 lib.
795 1749 816 1784 Ι
840 1761 871 1785 c.
895 1750 936 1784 4:
969 1749 1071 1796 equid
1103 1760 1232 1785 uerum
1265 1749 1429 1796 quidque
1459 1748 1591 1784 decens
1615 1746 1686 1783 sit'.
1713 1746 1730 1794 Η

153 1795 308 1831 Lucian.
333 1795 503 1830 Hermot.
527 1795 567 1829 2:
601 1796 714 1834 οὕτως
746 1796 825 1834 ὅλος
857 1795 893 1830 εἴ
918 1796 961 1831 ἒν
992 1799 1050 1840 τῷ
1081 1795 1326 1841 πράγματι;
1358 1794 1406 1831 cf.
1431 1794 1516 1830 adn.
1540 1805 1570 1830 8.
1596 1793 1616 1829 Ι
1640 1792 1674 1837 9,
1697 1792 1732 1828 2.

151 1841 197 1877 12
221 1844 266 1879 T:
291 1841 407 1877 schol.
432 1841 636 1877 Veronens.
661 1842 772 1887 Verg.
798 1842 862 1877 eol.
888 1841 921 1884 6,
946 1843 965 1877 7
990 1853 1026 1889 p.
1051 1843 1095 1878 73
1120 1842 1168 1877 K.
1253 1842 1299 1879 13
1321 1843 1366 1880 S:
1392 1842 1464 1878 Ou.
1481 1843 1568 1876 met.
1583 1839 1623 1874 X
1645 1838 1733 1876 220:

149 1895 190 1922 at
209 1889 240 1922 si
260 1887 355 1923 forte
377 1898 480 1933 roges
562 1889 609 1923 14
633 1890 677 1926 S:
703 1888 899 1924 Oic.Tusc.
913 1887 955 1923 ΙΙ
972 1887 1006 1932 2,
1024 1889 1064 1924 5:
1088 1888 1198 1924 certis
1221 1887 1445 1934 quibusdam
1467 1886 1736 1932 destinatisque

149 1934 339 1969 sententiis
375 1933 481 1980 quasi
504 1932 643 1969 addicti
674 1938 710 1969 et
734 1934 937 1970 consecrati
968 1938 1057 1969 sunt
1081 1934 1095 1980 ΙΙ
1120 1935 1192 1970 Ou.
1224 1945 1257 1970 a.
1288 1945 1321 1970 a.
1354 1933 1375 1969 1
1407 1933 1475 1969 687
1506 1932 1735 1968 iurabant

150 1990 277 2015 omnes
301 1980 345 2014 in
370 1979 459 2014 laesi
490 1980 635 2015 uerba
659 1981 781 2015 mariti
799 1981 811 2025 ΙΙ
830 1980 987 2026 Prosper
1017 1980 1063 2016 de
1092 1980 1246 2026 ingratis
1270 1979 1357 2016 572:
1389 1990 1548 2027 quorum
1579 1979 1734 2014 ructatis

150 2025 308 2070 verba,
332 2025 561 2071 magistri.
580 2027 592 2071 Η
611 2026 768 2070 Quintil.
792 2026 879 2062 inst.
905 2026 981 2069 ΙΙΙ,
1007 2028 1039 2070 1,
1062 2025 1127 2062 22:
1159 2037 1279 2080 neque
1310 2026 1408 2062 enim
1432 2037 1491 2061 me
1514 2025 1733 2071 cuiusquam

150 2075 270 2107 sectae
292 2071 396 2107 uelut
420 2071 580 2118 quadam
611 2072 872 2118 superstitione
898 2073 1065 2108 imbutus
1096 2072 1224 2108 addim
1249 2074 1261 2118 ΙΙ
1286 2073 1333 2108 cf.
1358 2073 1469 2108 etiam
1493 2071 1642 2107 Petron.
1669 2072 1734 2106 117

151 2119 197 2154 15
220 2121 266 2157 S:
291 2119 367 2154 Cic.
391 2118 507 2153 Acad.
532 2117 576 2153 Il
600 2119 633 2161 3,
658 2119 699 2154 8:
747 2118 793 2154 ad
819 2129 1091 2166 quamcumque
1122 2123 1212 2154 sunt
1235 2119 1469 2165 disciplinam
1493 2118 1600 2164 quasi
1625 2121 1737 2153 tem-

151 2168 334 2210 pestate
349 2164 517 2206 delati,
541 2164 588 2199 ad
608 2176 688 2200 eam
705 2169 895 2211 tamquam
912 2165 959 2200 ad
975 2175 1107 2201 saxum
1124 2166 1393 2201 adhaerescunt
1409 2165 1422 2211 ΙΙ
1440 2163 1634 2210 Phooylid.
1649 2163 1733 2199 113:

154 2214 269 2255 καιρῷ
291 2210 468 2255 λατρεύειν
491 2210 568 2255 μήτ’
597 2210 784 2246 ἀντιπνέειν
807 2211 983 2256 ἀνέμοισιν
1056 2212 1103 2248 16
1126 2213 1171 2250 S:
1197 2211 1333 2247 Catuli.
1354 2211 1409 2254 68,
1427 2211 1488 2246 13:
1514 2211 1638 2273 accipe
1653 2211 1735 2256 quis

154 2266 326 2297 merser
356 2257 527 2292 fortunae
562 2257 800 2293 fluctibus
835 2259 912 2302 ipse
1003 2259 1047 2294 17
1080 2259 1125 2296 S:
1159 2257 1299 2293 Lucan.
1325 2257 1367 2293 11
1398 2257 1466 2294 389
1498 2256 1545 2293 de
1575 2257 1735 2292 catone:

153 2302 315 2338 iustitiae
337 2306 517 2345 custos,
535 2304 683 2349 rigidi
707 2308 874 2339 seruator
896 2305 1042 2340 honesti
1059 2304 1073 2351 ΙΙ
1091 2305 1280 2350 [anonymi
1304 2303 1418 2339 satira
1441 2303 1488 2339 de
1510 2303 1576 2338 lite
1591 2314 1628 2337 u.
1649 2302 1734 2337 118:

157 2348 187 2382 si
211 2347 321 2383 iudex
353 2353 513 2385 custos
544 2349 731 2396 rigidus
763 2350 926 2397 legisque
957 2350 1132 2396 magister
1162 2350 1321 2396 (Barthii
1346 2349 1531 2385 aduersar.
1556 2348 1637 2385 VII
1662 2348 1735 2394 18)]

264 2452 298 2487 Ω
310 2470 353 2482 =
365 2457 529 2497 AEF(‹p
539 2457 583 2498 ψ)
594 2453 739 2498 ΜΕγδ’
753 2454 785 2496 (ὃ
796 2457 831 2495 d)
841 2453 871 2488 λ’
883 2454 1138 2498 (λωνπσρηιυ
1208 2454 1232 2490 6
1257 2454 1335 2489 Nee
1353 2458 1389 2489 E
1432 2453 1581 2498 totiens]
1599 2452 1737 2488 tociens

157 2523 176 2554 γ
188 2522 208 2543 σ
218 2523 238 2554 9
277 2511 414 2555 exoret]
433 2514 584 2545 exornet
599 2510 708 2544 FB'Z'
719 2514 746 2554 ()
785 2510 925 2546 harena
937 2515 1286 2556 EvoymPeeudacr.
1323 2522 1445 2547 araena
1457 2515 1489 2545 A
1530 2521 1641 2545 arena
1663 2517 1737 2545 cett.

158 2569 176 2603 7
191 2566 330 2612 crebro]
344 2567 489 2603 cerebro
502 2581 522 2611 ς]
554 2567 577 2602 8
590 2578 748 2613 aequum
762 2568 782 2602 δ
796 2582 828 2602 α.
842 2581 912 2603 ras.
946 2578 1081 2614 equum
1094 2577 1168 2603 cett.
1215 2569 1239 2604 9
1250 2567 1315 2603 illa
1325 2571 1403 2603 Ma.
1413 2581 1482 2602 ras.
1491 2581 1512 2611 9
1560 2568 1606 2603 10
1618 2574 1739 2613 cetera

159 2628 216 2669 Fy
226 2622 256 2658 δ’
295 2624 419 2660 ludica
431 2628 480 2659 121
539 2625 584 2659 11
601 2626 638 2658 in
655 2624 724 2659 hoc
741 2625 838 2670 sum]
852 2628 901 2660 ΕΙ
922 2629 1050 2669 ineptit
1096 2625 1142 2660 12
1160 2625 1287 2660 Conde
1303 2630 1334 2659 A
1366 2635 1548 2671 compono
1564 2624 1736 2669 Ayo'mv

157 2686 300 2727 c6pono
323 2685 366 2716 M
367 2685 470 2725 noyl
509 2691 676 2726 conpono
692 2685 728 2715 E
734 2681 821 2715 Ελν
879 2682 926 2718 13
941 2681 1047 2727 duce]
1065 2681 1184 2728 docel]
1203 2686 1253 2716 Β]
1320 2682 1366 2717 14
1383 2681 1554 2717 addictus
1566 2685 1647 2717 FM
1650 2695 1736 2717 corr.

158 2739 229 2774 ὃ’λ’
244 2742 317 2780 (3εά
332 2744 372 2773 in
388 2739 407 2772 λ
424 2738 511 2773 addi
527 2742 568 2772 in
583 2742 667 2779 ras.)
683 2751 835 2782 vnoym
851 2741 966 2782 vsph.
1013 2738 1196 2774 adductus
1213 2743 1243 2773 A
1254 2742 1453 2774 EMaaas.
1463 2739 1584 2783 Ryo'a
1599 2739 1745 2783 yloaaeJ'

158 2797 204 2832 15
228 2806 336 2841 cunq,
361 2795 460 2830 Emi)
547 2795 594 2831 16
617 2794 761 2830 ciuibus
784 2809 819 2829 m
910 2796 954 2831 17
980 2806 1089 2830 uerae
1111 2799 1188 2830 EF
1193 2796 1213 2830 ὃ
1222 2809 1275 2830 νπ
1284 2799 1326 2830 σι
1372 2795 1452 2831 ueri
1476 2800 1507 2831 A
1554 2807 1641 2832 uere
1664 2805 1738 2833 cett.

157 2899 295 2935 satellis
320 2898 505 2934 Fleo'st'n
597 2898 643 2934 18
669 2906 750 2943 poet
780 2897 893 2933 Nunc
924 2903 1075 2943 quinque
1107 2902 1241 2934 litterae
1266 2913 1383 2934 erasae
1416 2903 1455 2934 in
1480 2903 1511 2935 R
1565 2868 1681 2946 fig-ltin]
1707 2904 1739 2936 R

159 2961 330 3004 precepta
353 2961 384 2991 A
394 2970 428 2991 m
435 2970 454 2991 v

1468 3016 1534 3051 11*
