1950 3236
207 147 292 190 256
693 143 893 180 HORATI
916 113 1286 181 EPISTVLARVM

324 274 398 328 qui
428 273 544 315 redit
572 272 615 313 in
647 270 788 313 fastos
819 275 863 313 et
892 271 1103 314 uirtutem
1135 272 1339 315 aestimat
1369 273 1499 315 annis

321 343 592 394 miraturque
621 339 744 391 nihil,
774 340 862 382 nisi
897 339 1015 394 quod
1046 340 1242 383 Libitina
1272 341 1481 384 sacrauit.

207 421 242 447 ω
380 410 564 461 Ennius,
596 411 640 451 et
670 409 846 462 sapiens
877 413 923 451 et
952 408 1079 451 fortis
1110 412 1156 452 et
1185 409 1298 452 alter
1328 410 1567 462 Homerus,

325 484 374 522 ut
405 479 544 521 critici
575 478 739 530 dicunt,
770 478 932 521 leuiter
962 490 1117 521 curare
1148 479 1338 531 uidetur,

278 568 286 578 ·
325 560 411 602 quo
442 548 662 601 promissa
692 547 850 590 cadant
882 550 926 589 et
959 548 1131 590 somnia
1161 547 1455 602 Pythagorea.

324 616 521 659 Naeuius
551 616 596 658 in
629 616 832 658 manibus
862 628 951 658 non
984 619 1052 659 est
1083 620 1127 659 et
1157 617 1380 660 mentibus
1410 617 1563 659 haeret

322 697 462 739 paene
492 685 678 727 recens?
711 684 822 727 adeo
853 689 1056 728 sanctum
1088 689 1157 728 est
1187 690 1317 729 uetus
1349 698 1479 728 omne
1509 698 1683 740 poema.

207 766 240 790 ⁵5
323 754 562 806 ambigitur
592 754 809 808 quotiens,
840 759 940 796 uter
971 759 1071 797 utro
1103 754 1163 797 sit
1191 755 1326 809 prior,
1356 753 1501 797 aufert

327 821 549 864 Pacuuius
581 823 698 865 docti
728 821 888 865 famam
922 823 1055 876 senis,
1087 823 1246 867 Accius
1277 824 1367 875 alti,

326 891 485 933 dicitur
517 889 671 933 Afrani
701 894 805 945 toga
835 892 1099 939 conuenisse
1130 892 1388 943 Menandro,

325 959 510 1001 Plautus
541 960 597 1002 ad
627 960 848 1014 exemplar
881 960 1016 1003 Siculi
1046 973 1284 1015 properare
1314 962 1580 1015 Epicharmi,

323 1071 463 1108 48—53
486 1073 530 1109 S:
550 1070 634 1107 Seu.
646 1070 733 1107 dial.
748 1071 804 1107 VI
821 1072 869 1107 ad
886 1071 1062 1107 Marciam
1079 1072 1127 1108 de
1142 1073 1392 1109 consolatione
1404 1074 1436 1115 1,
1449 1074 1470 1109 3
1484 1083 1557 1120 sq:
1573 1074 1680 1109 cuius
1694 1074 1795 1119 uiget

210 1117 422 1164 uigebitque
453 1117 642 1157 memoria,
674 1143 684 1152 .
704 1144 713 1152 .
736 1117 916 1164 quamdiu
939 1118 1136 1165 quisquam
1160 1118 1240 1163 erit,
1272 1120 1336 1166 qui
1360 1119 1494 1154 reuerti
1527 1119 1617 1155 uelit
1640 1119 1687 1155 ad
1711 1123 1794 1155 acta

212 1164 393 1198 maiorum
411 1190 420 1199 .
440 1189 449 1198 .
468 1190 477 1198 .
494 1163 640 1209 legitur,
664 1163 783 1207 floret,
809 1165 844 1198 in
870 1175 1002 1199 manus
1027 1165 1231 1207 hominum,
1254 1165 1292 1200 in
1312 1170 1459 1212 pectora
1479 1171 1646 1212 receptus
1669 1171 1793 1201 uetus·

211 1215 325 1245 tatem
344 1209 483 1244 nullam
501 1210 607 1244 timet
651 1210 699 1245 48
713 1210 761 1245 cf.
774 1209 846 1246 Ou.
863 1210 947 1245 fast.
965 1210 984 1245 I
1002 1210 1088 1246 537:
1107 1210 1243 1246 talibus
1262 1216 1305 1246 ut
1320 1211 1428 1246 dictis
1445 1217 1590 1247 nostros
1607 1211 1796 1249 descendit

213 1256 250 1290 in
276 1266 393 1291 annos
455 1256 503 1291 49
517 1257 562 1292 T:
589 1255 723 1301 Porph.
740 1255 787 1291 ad
811 1267 847 1291 u.
864 1256 927 1292 28:
954 1257 1110 1292 miratur
1127 1257 1219 1291 nihil
1236 1257 1306 1292 nisi
1330 1257 1428 1303 quod
1449 1256 1614 1293 Libitina
1635 1257 1796 1293 sacrauit

211 1301 260 1337 50
282 1303 327 1340 S:
356 1301 501 1347 Coripp.
527 1300 606 1336 loh.
637 1300 659 1335 I
683 1301 746 1337 53:
778 1301 923 1337 fortis
954 1303 1241 1349 sapiensque
1273 1302 1420 1338 uidetur
1436 1304 1449 1348 n
1466 1303 1572 1339 ‘alter
1596 1301 1795 1339 Homerus’

211 1348 259 1383 cf.
279 1347 495 1393 Hieronym.
519 1352 713 1383 comment.
730 1347 767 1382 in
786 1347 948 1383 Micham
966 1348 1075 1394 cap.'7
1092 1359 1127 1394 p.
1147 1347 1235 1384 1549
1251 1348 1306 1384 ed.
1325 1349 1478 1385 Bened.:
1504 1353 1611 1395 poeta
1625 1349 1795 1385 sublimis

214 1399 302 1438 (non
340 1393 574 1429 Homerus
613 1393 753 1436 alter,
789 1400 833 1429 ut
866 1394 1028 1430 Lucilius
1062 1394 1109 1430 de
1139 1394 1259 1430 Ennio
1298 1396 1527 1441 suspicatur,
1559 1395 1622 1431 sed
1653 1396 1796 1441 primus

213 1439 401 1476 Homerus
418 1438 517 1485 apud
536 1438 685 1474 Latinos
726 1440 883 1482 uarium,
907 1440 1038 1486 inquit,
1062 1445 1099 1476 et
1122 1441 1299 1476 mutabile
1315 1452 1457 1486 semper
1474 1441 1614 1476 femina
1680 1442 1727 1478 51
1750 1442 1797 1484 Τ;

211 1485 321 1530 gloss.
348 1485 423 1520 Mai
440 1485 544 1520 class.
563 1490 661 1520 auct.
724 1484 786 1520 111
811 1486 878 1521 149
947 1485 994 1522 52
1017 1485 1065 1521 cf.
1090 1485 1225 1532 Porph.
1250 1486 1297 1522 ad
1322 1498 1357 1522 u.
1377 1488 1439 1523 51:
1466 1487 1610 1522 Ennius
1633 1486 1673 1522 in
1695 1486 1796 1533 prin-

212 1532 309 1576 cipio
333 1531 522 1566 annalium
549 1542 700 1566 suorum
724 1532 907 1567 somnio
938 1543 978 1567 se
1004 1531 1150 1578 scripsit
1180 1532 1429 1578 admonitum,
1463 1533 1563 1580 quod
1592 1533 1795 1569 secundum

214 1576 448 1622 Pythagorae
469 1577 605 1622 dogma
631 1578 755 1612 anima
785 1577 975 1613 Homeri
1010 1578 1046 1613 in
1073 1589 1181 1613 suum
1210 1590 1342 1624 corpus
1371 1580 1532 1614 uenisset
1547 1580 1561 1624 ΙΙ
1578 1579 1654 1615 Cic.
1681 1577 1796 1615 Acad.

212 1634 268 1668 pr.
282 1622 324 1658 11
339 1623 391 1664 16,
406 1624 468 1658 51:
482 1630 521 1658 at
531 1634 616 1659 cum
629 1624 841 1667 somniauit,
854 1624 907 1660 ita
920 1625 1085 1659 narrauit
1097 1630 1160 1666 (sc.
1172 1624 1340 1669 Ennius),
1355 1626 1457 1660 uisus
1470 1624 1658 1660 Homerus
1669 1625 1798 1661 adesse

242 1676 324 1704 oeta
349 1671 361 1714 ΙΙ
388 1669 534 1705 Persius
558 1671 592 1712 6,
619 1671 661 1706 10
692 1680 764 1715 sq.:
795 1680 858 1706 cor
887 1671 990 1705 iubet
1017 1670 1087 1706 hoc
1114 1670 1234 1714 Enni,
1265 1677 1459 1717 postquam
1494 1670 1690 1707 destertuit
1720 1681 1798 1706 esse

214 1680 437 1758 glaeonffles,
467 1715 631 1759 Quintus
664 1726 808 1760 panone
839 1727 883 1751 ex
917 1715 1147 1762 Pythagoreo
1238 1718 1286 1754 53
1308 1719 1352 1755 S:
1386 1717 1461 1753 Cic.
1481 1716 1586 1752 ruse.
1610 1716 1675 1752 111
1697 1715 1731 1760 2,
1755 1717 1796 1752 3:

215 1767 381 1806 poetae
405 1762 466 1808 (cf.
487 1773 521 1796 u.
540 1760 611 1804 61),
635 1761 720 1807 qui.
735 1761 996 1805 ..audiuntur,
1019 1763 1210 1808 leguntur,
1235 1763 1517 1799 ediscuntur
1539 1762 1601 1808 (ef.
1626 1774 1662 1798 u.
1686 1762 1746 1807 60)
1761 1765 1798 1798 et

214 1807 549 1843 inhaerescunt
566 1809 711 1854 penitus
726 1809 762 1842 in
777 1807 1014 1843 mentibus
1080 1809 1179 1847 518:
1199 1810 1486 1855 Auson.parent.
1503 1809 1526 1844 9
1555 1809 1594 1844 11
1609 1808 1720 1853 Seu),
1734 1807 1795 1843 10:

215 1864 357 1898 semper
380 1854 562 1889 crudescit
594 1865 680 1889 nam
713 1853 803 1888 mihi
827 1865 972 1900 paene
996 1864 1158 1889 recens
1175 1854 1307 1897 (dolor)
1399 1856 1446 1892 56
1463 1856 1509 1893 S:
1575 1853 1692 1889 uintil.
1709 1853 1796 1888 inst.

215 1898 254 1933 X
282 1900 314 1940 1,
340 1898 406 1934 97:
435 1899 642 1944 tragoediae
671 1900 866 1945 scriptores
893 1906 1059 1935 ueterum
1085 1900 1219 1935 Accius
1251 1906 1362 1946 atque
1389 1900 1574 1935 Pacuuius
1605 1897 1795 1935 clarissimi

214 1946 397 1990 grauitate
420 1947 696 1987 sententiarum,
721 1946 916 1980 uerborum
941 1945 1101 1991 pondere
1126 1973 1133 1980 .
1160 1972 1168 1980 .
1194 1972 1203 1980 .
1228 1947 1365 1980 uirium
1397 1951 1519 1981 tamen
1544 1945 1689 1980 Accio
1712 1943 1796 1990 plus

219 1990 407 2032 tribuitur,
450 1990 706 2026 Pacuuium
747 1991 866 2026 uideri
905 1991 1185 2031 doctiorem,
1226 1992 1288 2037 qui
1338 2002 1415 2026 esse
1461 1991 1560 2026 docti
1606 1989 1796 2032 affectant,

218 2036 349 2071 uolunt
377 2036 390 2081 ΙΙ
419 2037 491 2072 Ou.
524 2048 595 2071 am.
620 2037 639 2071 1
677 2039 729 2080 15,
764 2038 823 2072 19:
857 2037 1153 2082 animosique
1177 2037 1350 2072 Accius
1374 2037 1446 2072 oris
1515 2036 1560 2072 57
1585 2037 1630 2074 S:
1655 2037 1797 2071 Auson.

216 2082 331 2127 epigr.
359 2082 415 2125 79,
435 2084 457 2116 4
480 2082 518 2116 Ρ.
536 2082 649 2125 =67‚
671 2084 693 2117 4
717 2082 822 2118 Seu:
847 2086 934 2128 toga
958 2082 1089 2117 Afrani

334 2186 368 2220 Ω
379 2202 425 2216 --
437 2185 848 2231 ΕΕΜΒγλ’πσά9ηιυ
907 2186 954 2222 48
976 2185 1133 2221 infastos
1154 2185 1460 2232 (in‚f:)FR17.'n2
1472 2199 1492 2220 o
1503 2189 1555 2230 dy
1567 2189 1792 2220 mPscudacr.

219 2293 292 2324 cod.
317 2288 450 2325 V3316
496 2288 679 2335 infaustos
696 2303 715 2334 γ
761 2289 921 2324 infastus
936 2292 990 2324 Ml
1010 2288 1179 2335 R2(?)n1
1232 2256 1396 2324 adfastgs
1413 2292 1456 2330 E,
1477 2299 1500 2323 v
1511 2292 1598 2331 sort.
1612 2291 1654 2323 ab
1674 2292 1736 2323 alt.
1748 2301 1791 2323 m.

220 2346 383 2382 adfastos
394 2350 451 2381 uel
464 2346 511 2381 ad
524 2346 639 2381 fastos
661 2360 693 2391 ψ
702 2360 779 2381 uar.
789 2360 807 2380 v
819 2349 945 2390 Por-ph.
971 2347 1109 2381 uirtute
1125 2349 1148 2380 d
1184 2345 1332 2382 estimat
1342 2349 1377 2380 E
1383 2359 1402 2391 y
1410 2346 1430 2380 λ
1440 2358 1461 2380 σ
1471 2348 1493 2380 d
1499 2359 1520 2390 9
1529 2359 1562 2380 m
1646 2345 1693 2382 49
1716 2345 1798 2380 libi-

221 2451 328 2486 thina
339 2450 370 2485 λ’
410 2408 557 2486 libitiliia
569 2463 600 2495 ψ
654 2449 810 2485 libitana.
825 2454 864 2485 M
869 2463 927 2495 pr.
983 2451 1028 2485 51
1042 2450 1165 2485 cretici
1177 2453 1210 2484 R
1222 2462 1243 2484 σ
1274 2417 1394 2485 critici
1406 2463 1427 2494 9
1437 2404 1573 2485 {taginini
1587 2463 1607 2484 v
1639 2416 1770 2484 legiter
1783 2462 1803 2483 v

219 2553 265 2588 52
284 2509 424 2589 catiliiiii
446 2568 466 2588 v
514 2553 732 2600 phitagorea
754 2567 773 2598 y
789 2566 811 2588 σ
858 2553 1074 2599 pithagorea
1096 2557 1151 2588 El
1198 2553 1427 2600 phytagorea
1448 2566 1483 2587 m
1536 2555 1739 2599 pytagorea
1768 2554 1807 2586 Π

220 2657 267 2693 53
290 2657 456 2692 Naeuius
478 2671 505 2692 π
565 2625 719 2693 Naeuiis
748 2662 781 2692 R
841 2657 1016 2702 Nesluius
1041 2661 1075 2692 E
1135 2656 1280 2692 Neuius
1311 2670 1332 2701 9
1396 2655 1539 2692 Neuius
1563 2663 1637 2690 cett.
1654 2658 1758 2690 schol.
1778 2667 1798 2699 y

222 2713 382 2749 Laeuius
409 2717 618 2750 Gorbeianus
664 2725 738 2751 non
763 2729 826 2750 om.
845 2726 889 2751 πι
941 2714 1044 2750 heret
1068 2714 1293 2759 Eyi'oymv
1387 2714 1434 2749 54
1456 2712 1579 2749 Poene
1602 2716 1614 2746 ι
1661 2711 1760 2747 Pone
1782 2710 1801 2744 λ

223 2774 246 2804 d
261 2785 281 2814 y
297 2785 331 2805 m
347 2786 366 2806 v
447 2773 494 2808 55
525 2772 764 2818 Ambiguitur
795 2777 827 2807 R
841 2786 895 2817 pr.
944 2772 1087 2818 quoties
1110 2785 1129 2816 y
1176 2770 1349 2817 quociens
1373 2783 1437 2815 qm
1453 2784 1470 2805 v
1536 2770 1704 2816 quotiens
1727 2775 1800 2804 cett.

220 2826 268 2863 56
294 2828 474 2864 Pacuuius
497 2842 536 2874 91
599 2830 781 2865 Pacuuius
807 2837 880 2865 cett.
942 2828 1102 2864 Pacuius
1126 2832 1211 2873 ΡρΙι.
1232 2831 1360 2872 Porph.
1424 2827 1547 2863 accius
1566 2831 1602 2862 E
1615 2829 1647 2862 R
1661 2839 1680 2871 y
1696 2838 1718 2870 q
1732 2837 1766 2859 m
1781 2837 1801 2859 υ

223 2887 349 2926 Porph.
408 2886 525 2920 actius
549 2887 674 2921 FMR'
696 2901 723 2920 π
744 2899 765 2921 σ
786 2890 809 2921 d
863 2885 933 2922 alti
963 2900 983 2931 y
1099 2887 1144 2922 57
1169 2885 1306 2920 affrani
1331 2888 1363 2920 R
1382 2898 1403 2919 σ
1424 2898 1456 2919 m
1504 2882 1678 2919 meandro
1701 2885 1755 2917 Mi
1779 2883 1801 2915 d

224 2951 271 2986 58
295 2942 475 2998 ⁶⁹⁶emp1ar
497 2958 528 2989 R
574 2956 783 3001 epycharmi
808 2961 851 2991 Μ
854 2961 866 2992 1
913 2956 1084 3001 epicarmi
1114 2970 1133 2991 v
