1950 3236
943 135 1038 172 LIB.
1061 135 1115 172 ΙΙ.
1142 135 1174 171 1.
1753 135 1838 178 253

414 267 631 311 Romulus
662 270 707 310 et
737 266 870 309 Liber
899 269 1026 321 pater
1056 270 1101 309 et
1131 278 1230 309 cum
1264 265 1450 310 Castore
1480 265 1651 318 Pollux,
1800 277 1816 302 5

364 341 464 392 post
493 335 693 390 ingentia
721 334 838 379 facta
869 336 1054 378 deorum
1084 335 1130 378 in
1161 334 1330 390 templa
1359 335 1543 390 recepti,

363 407 466 450 dum
497 410 639 449 terras
670 404 991 459 hominumque
1022 404 1174 447 colunt
1205 416 1360 459 genus,
1392 416 1551 458 aspera
1579 403 1696 447 bella

363 478 647 530 componunt,
677 486 810 528 agros
842 474 1092 528 adsignant,
1124 474 1287 528 oppida
1317 474 1525 526 condunt,

362 545 594 599 plorauere
626 543 719 586 suis
751 555 839 585 non
872 542 1144 597 respondere
1174 541 1375 585 fauorem

362 618 585 668 speratum
617 612 802 655 meritis.
865 612 1008 655 diram
1041 612 1117 666 qui
1148 612 1350 654 contudit
1381 611 1564 666 hydram
1801 622 1832 647 ιο

364 688 555 737 notaque
583 681 708 725 fatali
738 685 947 736 portenta
977 682 1130 724 labore
1161 681 1352 735 subegit,

367 752 580 806 comperit
609 751 824 794 inuidiam
857 763 1065 805 supremo
1096 749 1184 792 fine
1215 750 1398 792 domari.

365 821 454 864 urit
484 821 600 863 enim
631 819 808 874 fulgore
840 832 933 872 suo,
965 819 1040 874 qui
1070 826 1337 874 praegrauat
1366 819 1476 862 artis

363 889 478 933 infra
507 902 555 933 se
585 890 777 944 positas:
811 889 1031 932 extinctus
1062 888 1285 931 amabitur
1315 889 1446 931 idem.

357 959 581 1014 praesenti
611 959 691 1001 tibi
722 962 922 1001 maturos
952 958 1166 1012 largimur
1196 957 1388 1000 honores
1800 969 1832 994 ιδ

355 1084 471 1120 5-12
493 1085 537 1122 S:
561 1083 665 1119 Curt.
684 1082 786 1119 VIII
807 1082 881 1128 (18)
906 1084 939 1126 5,
966 1082 1030 1118 11:
1054 1093 1101 1117 ne
1127 1081 1380 1118 Herculem
1406 1081 1556 1129 quidem
1581 1086 1618 1118 et
1641 1082 1831 1118 Patrem

247 1130 464 1166 Liberum
500 1131 602 1175 prius
633 1129 774 1165 dicatos
806 1129 906 1172 deos,
942 1139 1052 1175 quam
1089 1128 1328 1164 uicissent
1359 1139 1486 1164 seeum
1517 1129 1728 1164 uiuentium
1761 1130 1832 1164 in·

246 1177 426 1213 uidiam
495 1177 520 1212 ὃ
541 1178 585 1215 S:
611 1176 789 1211 Dracont.
807 1175 955 1211 Romul.
977 1175 1010 1210 V
1027 1174 1114 1210 322:
1141 1185 1298 1219 magnus
1321 1186 1423 1210 cum
1441 1175 1641 1211 Castore
1663 1175 1835 1211 Pollux

243 1225 378 1266 (Orest.
402 1227 494 1268 trag.
517 1222 603 1259 302:
630 1223 784 1258 Castora
808 1221 958 1261 Pollux)
982 1221 997 1268 ΙΙ
1022 1221 1087 1257 Sil.
1112 1219 1232 1256 VIIII
1256 1219 1326 1257 294
1349 1232 1422 1267 sq.:
1447 1226 1622 1268 satorque
1653 1221 1835 1266 Quirinus

246 1270 481 1315 alternusque
503 1270 648 1304 animae
674 1272 820 1304 mutato
845 1267 1043 1303 Castore
1067 1266 1245 1303 Pollux
1340 1268 1365 1304 6
1387 1269 1432 1306 S:
1459 1267 1592 1304 Florus
1616 1267 1702 1303 IIII
1722 1268 1775 1311 12,
1792 1268 1837 1304 66

249 1315 296 1351 dc
318 1316 557 1361 Augusto:
582 1314 629 1350 ob
653 1314 745 1350 haec
769 1319 825 1350 tot
848 1314 978 1350 facta
1001 1314 1227 1357 ingentia
1258 1313 1382 1349 dictus
1413 1315 1613 1360 imperator
1637 1321 1837 1360 perpetuus

242 1365 280 1398 et
303 1365 406 1408 pater
423 1363 563 1408 patriae
578 1361 594 1408 ΙΙ
611 1362 696 1397 Seu.
711 1360 821 1396 Herc.
836 1360 907 1395 fur.
921 1362 989 1395 445
1005 1360 1103 1405 (441)
1126 1370 1200 1406 sq.:
1225 1365 1331 1406 post
1353 1363 1410 1396 tot
1433 1360 1646 1406 ingentis
1671 1363 1742 1396 uiri
1762 1372 1835 1395 me-

246 1407 425 1444 moranda
448 1408 578 1442 facta
604 1407 620 1454 ΙΙ
649 1406 743 1442 Plin.
768 1407 874 1454 epist.
901 1405 1001 1441 VIII
1026 1406 1082 1449 24,
1107 1405 1149 1440 3:
1181 1406 1231 1440 sit
1262 1405 1361 1452 apud
1394 1411 1430 1442 te
1461 1406 1580 1443 honor
1611 1408 1837 1453 antiquitati,

245 1454 294 1490 sit
316 1453 600 1500 ingentibus
625 1453 790 1496 factis,
823 1454 872 1488 sit
895 1452 1034 1488 fabulis
1058 1462 1205 1498 quoque
1231 1451 1247 1499 ΙΙ
1274 1452 1468 1488 Claudian.
1495 1453 1636 1489 consul.
1663 1454 1746 1490 Stil.
1772 1452 1836 1488 111

244 1501 307 1537 38:
332 1500 460 1535 facta
483 1499 705 1546 sequebatur
728 1499 901 1545 quamuis
926 1499 1066 1544 ingen
1081 1501 1150 1533 tia
1173 1498 1269 1534 liuor
1284 1498 1300 1545 Η
1318 1498 1450 1535 Alcim.
1464 1500 1729 1535 Auit.carm.V
1751 1499 1834 1534 122:

244 1550 280 1582 ct
303 1556 395 1593 quos
419 1545 617 1591 deposcent
639 1546 857 1590 ingentia
885 1545 1012 1580 facta
1037 1544 1178 1580 labores
1206 1544 1223 1590 ΙΙ
1250 1544 1322 1581 Ou.
1348 1551 1496 1581 metam.
1519 1545 1643 1581 XIIII
1669 1545 1736 1582 607
1762 1557 1834 1592 sq.:

269 1604 351 1628 uem
375 1592 486 1627 turba
509 1591 657 1636 Quirini
682 1595 874 1637 nuncupat
897 1590 1105 1635 Indigetem
1132 1591 1410 1638 temploque
1437 1592 1585 1639 arisque
1608 1593 1790 1639 recepit
1812 1592 1834 1674 g

244 1603 390 1674 {Ennius
403 1640 447 1674 65
468 1649 520 1684 sq.
538 1637 700 1673 Vahlen:
725 1648 833 1683 quem
852 1641 895 1672 tu
911 1637 1016 1674 tolles
1033 1637 1079 1671 in
1099 1637 1247 1672 caerula
1263 1648 1283 1672 c
1296 1637 1388 1673 aeli
1413 1642 1501 1674 tem
1518 1639 1594 1685 pla
1620 1638 1636 1685 Η
1664 1638 1763 1674 idem
1788 1639 1810 1673 4

245 1685 312 1720 V.:
344 1684 461 1720 caeli
494 1684 641 1719 caerula
672 1684 850 1730 templa
950 1685 982 1720 7.
1008 1683 1054 1720 16
1076 1684 1121 1721 S:
1155 1683 1288 1719 Florus
1314 1683 1400 1719 1111
1427 1685 1479 1724 12,
1505 1685 1567 1720 66:
1600 1685 1766 1720 sanctius
1799 1689 1836 1720 et

244 1732 471 1766 reuerentius
487 1731 609 1765 uisum
627 1734 683 1765 est
706 1741 869 1766 nomen
894 1730 1131 1776 Augusti,
1156 1734 1200 1764 ut
1216 1729 1356 1766 scilieet
1374 1730 1447 1765 iam
1466 1734 1560 1774 tum,
1583 1732 1692 1766 dum
1715 1731 1836 1767 colit

245 1780 425 1818 terras,
449 1777 556 1821 ipso
579 1776 768 1812 nomine
792 1780 840 1811 et
864 1776 1014 1811 titulo
1038 1780 1408 1812 consecraretur
1499 1777 1547 1812 10
1577 1780 1622 1815 T:
1658 1777 1835 1813 Priscian.

244 1823 358 1858 instit.
375 1822 492 1858 VIIII
517 1825 551 1865 3,
578 1824 620 1858 16
666 1824 710 1861 S:
736 1823 878 1858 Auson.
895 1823 951 1865 33,
969 1823 990 1857 2
1009 1821 1084 1858 Sch
1112 1821 1153 1857 2:
1178 1822 1351 1858 contudit
1366 1822 1523 1868 hydram
1573 1823 1620 1859 12
1642 1825 1687 1862 S:
1713 1823 1835 1870 Apoll.

246 1868 373 1905 Sidon.
399 1879 511 1905 carm.
536 1868 570 1911 2,
594 1868 682 1904 301:
715 1879 789 1904 non
822 1867 954 1903 habuit
984 1868 1043 1903 ius
1069 1869 1168 1904 uitae
1200 1869 1299 1904 fine
1329 1880 1380 1904 su
1426 1880 1550 1905 remo
1643 1869 1689 1906 13
1712 1880 1764 1916 sq.
1789 1871 1834 1908 S:

245 1914 404 1959 Quintil.
424 1916 510 1950 inst.
527 1914 568 1950 X
588 1917 618 1958 1,
633 1914 686 1950 72.
706 1914 769 1950 92:
794 1922 905 1960 atque
919 1914 981 1950 ille
998 1917 1061 1960 (sc.
1078 1914 1286 1960 Charisius)
1310 1916 1372 1961 qui
1400 1926 1457 1950 em
1482 1915 1656 1951 omnibus
1672 1915 1837 1952 eiusdem

242 1962 362 2007 operis
394 1961 608 1996 auctoribus
637 1961 795 1996 abstulit
821 1972 955 1996 nomen
987 1965 1025 1996 et
1048 1961 1239 2007 fulgore
1262 1963 1425 2008 quodam
1448 1973 1561 1997 suae
1583 1962 1834 1998 claritatis

244 2007 412 2042 tenebras
436 2006 597 2043 obduxit
621 2033 630 2042 .
655 2034 663 2042 .
690 2033 698 2042 .
724 2008 799 2053 (92)
823 2007 947 2043 dicent
970 2006 1060 2043 haec
1084 2007 1230 2053 plenius
1254 2007 1386 2043 futura
1408 2009 1571 2050 saecula;
1605 2019 1705 2044 nunc
1736 2008 1834 2044 enim

243 2057 449 2089 ceterarum
474 2053 667 2098 fulgore
690 2054 874 2088 uirtutum
901 2054 982 2088 laus
1006 2054 1079 2088 ista
1104 2054 1390 2100 praestringitur
1462 2055 1509 2090 15
1532 2066 1585 2101 sq.
1610 2057 1656 2092 T:
1681 2055 1836 2092 Seruius

246 2099 294 2134 ad
326 2099 391 2135 ecl.
418 2101 450 2143 1,
474 2100 496 2135 6
520 2110 573 2146 sq.
599 2103 635 2135 et
658 2099 704 2135 ad
729 2110 852 2146 georg.
877 2099 896 2134 I
920 2099 978 2135 24.
1030 2099 1241 2136 Pseudacro
1273 2100 1362 2136 olim
1395 2100 1569 2147 uolgatus
1606 2101 1654 2136 ad
1685 2112 1717 2137 c.
1750 2101 1835 2136 IIII

248 2147 302 2189 14,
334 2145 390 2181 39.
425 2145 539 2182 schol.
575 2146 745 2181 Bernens.
778 2146 832 2181 ed.
870 2145 1001 2191 Hagen
1033 2146 1079 2181 ad
1115 2146 1225 2192 Verg.
1258 2147 1324 2182 ecl.
1350 2147 1382 2191 1,
1415 2150 1455 2183 6:
1509 2147 1573 2182 alii
1605 2174 1614 2183 .
1641 2174 1650 2183 .
1676 2173 1685 2183 .
1717 2147 1833 2194 impe-

244 2196 384 2227 ratores
416 2197 501 2238 post
531 2198 686 2227 mortem
720 2193 757 2227 in
790 2191 878 2228 deos
911 2192 1209 2237 transferuntur,
1240 2193 1438 2239 Augustus
1470 2204 1558 2229 uero
1589 2193 1626 2228 in
1660 2193 1760 2235 uita,
1793 2197 1835 2228 ut

248 2237 338 2274 Hor.
350 2239 403 2273 ait
459 2239 505 2274 15
517 2240 562 2276 S:
578 2238 664 2274 qu,
673 2240 704 2280 7,
715 2239 778 2275 88:
796 2237 1016 2284 ‘largitus
1034 2239 1270 2275 honorem’
1286 2239 1324 2274 in
1342 2239 1510 2275 clausula.
1526 2241 1539 2285 Η
1557 2239 1603 2276 cf.
1618 2239 1833 2276 Val.Flacc.

359 2353 454 2388 Q:
474 2354 977 2399 EFMRyZ'nodymv
1033 2354 1308 2391 5RomolusR
1353 2355 1563 2401 6ingencia
1585 2355 1637 2399 λς]
1684 2355 1832 2390 80011]-

250 2414 393 2455 ponunt
404 2424 424 2455 y
437 2424 458 2445 σ
471 2415 494 2446 d
505 2425 525 2455 9
540 2415 668 2456 lvflor.
681 2415 797 2446 Nostr.
818 2411 1018 2458 Coponunt
1031 2417 1067 2447 Ε
1076 2416 1150 2447 Mn
1171 2413 1399 2459 Conponunt
1410 2413 1509 2448 ER).
1519 2427 1552 2447 m
1585 2412 1785 2458 adsignant
1804 2416 1838 2447 F

248 2466 383 2502 Rl'nd
405 2467 547 2514 adsign.
560 2472 686 2513 Porph.
712 2470 904 2514 assignant
917 2473 1021 2514 EMy
1035 2474 1242 2514 oymvflor.
1252 2473 1368 2505 Nostr.
1418 2471 1465 2506 10
1476 2470 1648 2506 contudit
1658 2474 1783 2505 Ecorr.
1794 2478 1834 2505 ut

246 2526 320 2558 uid.
330 2527 410 2559 ΡΜ
419 2528 544 2559 Rcorr.
554 2525 634 2559 λπσ
643 2529 684 2560 da
698 2529 729 2560 la
741 2536 794 2561 ma
808 2531 846 2560 in
855 2539 923 2561 ras.
932 2540 952 2561 ὐ
976 2527 1136 2562 contulit
1146 2531 1242 2571 Epr.
1252 2535 1291 2562 ut
1302 2531 1377 2562 uid.
1388 2541 1407 2572 γ
1418 2531 1459 2563 ἀι
1473 2531 1504 2563 ll
1532 2527 1730 2563 contundit
1740 2530 1831 2572 Rpr.

246 2581 413 2617 condidit
435 2595 455 2625 9
502 2581 659 2627 hydram
685 2587 720 2617 Ε
730 2587 772 2617 M
778 2586 847 2617 Βπ
858 2597 879 2627 9
891 2597 924 2617 m
984 2583 1127 2619 hidram
1153 2597 1202 2629 γσ
1255 2584 1314 2620 hi.
1339 2588 1466 2629 Porph.
1522 2584 1652 2630 ydram
1676 2585 1734 2619 m
1745 2598 1831 2620 corr.

248 2642 503 2684 dvflor.Nostr.
552 2638 634 2674 idrfi
647 2643 677 2682 l;
691 2639 775 2684 Zpr.
787 2654 822 2675 π.
840 2644 862 2674 l.
911 2642 956 2675 11
978 2644 1257 2686 Totaq‚Eoums
1298 2641 1345 2676 12
1363 2642 1552 2688 Comperit
1568 2645 1833 2687 EMnodlqm

247 2700 359 2741 vflor.
379 2700 495 2731 Nom.
566 2696 743 2742 Conperit
774 2701 809 2732 F
824 2701 856 2732 R
877 2711 896 2742 y
915 2698 935 2732 λ
1013 2709 1186 2744 supremo
1210 2702 1246 2733 Ε
1266 2711 1288 2734 σ
1303 2713 1324 2744 9
1343 2703 1389 2734 lv
1459 2710 1658 2746 suppremo
1688 2704 1721 2735 R
1735 2714 1755 2746 γ
1770 2700 1791 2736 λ
1805 2715 1833 2736 π

247 2768 281 2788 m
310 2757 391 2798 flor.
423 2757 539 2789 Nostr.
634 2756 833 2802 suppremo
872 2759 915 2790 M
1002 2760 1110 2791 sumo
1148 2759 1185 2790 Ε
1280 2760 1452 2803 ειιιῃβωο
1494 2760 1518 2791 d
1609 2756 1740 2794 donari
1778 2762 1827 2795 F'i

246 2811 293 2848 13
316 2815 514 2858 pregrauat
536 2825 570 2846 m
584 2826 603 2846 v
675 2820 883 2859 praegrau&
906 2826 926 2847 o
990 2817 1212 2859 praegrauat
1235 2817 1293 2849 uel
1316 2817 1475 2861 pgrauat
1499 2823 1573 2850 cett.
1635 2821 1832 2862 pregrauet

1122 2873 1148 2894 n

237 2907 319 2948 flor.
344 2907 459 2939 Noetr.
507 2903 597 2939 artis
621 2908 671 2940 El
723 2908 819 2940 artes
844 2913 917 2940 cett.
988 2906 1034 2941 14
1059 2906 1219 2942 extictus
1235 2909 1279 2941 M
1318 2906 1505 2943 extinctus
1530 2915 1603 2943 cett.
1675 2909 1722 2944 15
1746 2908 1831 2944 Pre-

244 2960 344 2996 senti
366 2961 666 3006 FMyZ'odqv
