1950 3236
822 157 921 194 ΜΒ.
946 157 1000 192 11.
1023 157 1057 193 2.
1657 161 1743 203 273

269 288 387 330 unde
417 286 549 330 simul
579 287 771 340 primum
804 299 874 329 me
905 287 1113 330 dimisere
1144 286 1349 341 Philippi,

268 356 428 401 decisis
457 355 669 399 humilem
700 356 849 410 pinnis
879 357 1147 411 inopemque
1178 357 1351 411 paterni
1707 366 1742 393 50

265 431 311 469 et
339 425 445 468 laris
476 427 521 468 et
549 423 676 467 fundi
706 428 945 479 paupertas
977 425 1155 479 impulit
1186 425 1332 468 audax

270 500 319 542 ut
349 507 505 538 uersus
534 493 747 537 facerem:
779 495 860 538 sed
890 495 1008 549 quod
1038 507 1128 537 non
1161 495 1275 538 desit
1305 495 1542 537 habentem

266 577 378 619 quae
409 567 617 619 poterunt
647 575 856 618 umquam
890 565 997 607 satis
1030 576 1276 618 expurgare
1307 564 1489 616 cicutae,

269 635 314 676 ni
346 634 501 677 melius
533 633 725 676 dormire
755 637 906 687 putem
940 646 1071 688 quam
1104 633 1299 676 scribere
1331 635 1523 676 uersus?

326 703 499 757 singula
529 702 583 745 de
614 702 744 745 nobis
776 703 880 745 anni
911 703 1184 757 praedantur
1216 706 1396 744 euntes:
1706 713 1742 740 55

269 773 470 827 eripuere
500 772 632 825 iocos,
665 783 889 824 uenerem,
920 772 1139 823 conuiuia,
1170 771 1348 824 ludum3

272 842 461 885 tendunt
491 845 753 896 extorquere
784 846 1011 896 poemata:
1045 841 1152 894 quid
1181 839 1339 882 faciam
1372 841 1473 883 uis?

326 912 512 965 denique
542 923 630 953 non
663 923 819 953 omnes
850 910 1002 952 eadem
1034 910 1252 952 mirantur
1283 912 1541 963 amantque:

267 981 457 1023 carmine
487 983 536 1023 tu
565 979 747 1034 gaudes,
778 979 848 1022 hic
878 979 1120 1022 delectatur
1149 979 1323 1031 iambis,

266 1050 340 1092 ille
372 1050 549 1092 Bioneis
581 1049 862 1092 sermonibus
894 1051 939 1090 et
970 1047 1062 1091 sale
1093 1047 1237 1102 nigro.
1703 1058 1738 1084 60

265 1125 356 1162 tres
387 1118 493 1161 mihi
523 1119 738 1162 conuiuae
770 1130 909 1172 prope
941 1117 1180 1161 dissentire
1210 1117 1430 1170 uidentur,

264 1191 498 1241 poscentes
529 1188 654 1230 uario
685 1188 874 1230 multum
907 1187 1087 1229 diuersa
1116 1186 1279 1241 palato.

266 1257 370 1310 quid
392 1257 521 1300 dem?
553 1257 658 1311 quid
679 1270 767 1299 non
790 1256 922 1299 dem‘?
954 1256 1107 1299 renuis
1129 1260 1191 1308 tu,
1224 1256 1341 1310 quod
1364 1257 1490 1299 iubet
1510 1256 1644 1309 alter3

262 1327 380 1380 quod
411 1327 538 1380 petis,
569 1327 614 1370 id
646 1338 752 1369 sane
785 1329 854 1368 est
883 1326 1078 1368 inuisum
1112 1325 1374 1380 acidumque
1407 1326 1596 1368 duobus.

261 1428 308 1464 50
319 1429 363 1467 S:
377 1428 454 1464 Cic.
466 1427 513 1462 ad
529 1427 608 1462 Att.
622 1427 710 1462 1111
722 1426 756 1471 2,
768 1428 789 1463 5
846 1427 892 1462 51
904 1429 949 1465 S:
964 1426 1101 1462 Publil.
1112 1426 1192 1472 Syr.
1202 1425 1272 1462 210
1283 1426 1359 1462 W.:
1372 1426 1561 1462 hominem
1575 1426 1732 1473 experiri

149 1475 268 1510 multa
286 1477 481 1521 paupertas
500 1473 603 1508 iubet
622 1474 638 1520 Η
658 1473 814 1509 Lucian.
835 1474 980 1520 apolog.
1001 1484 1031 1508 c.
1048 1472 1092 1508 10
1111 1483 1147 1518 p.
1161 1474 1247 1508 717:
1272 1471 1334 1517 τὴν
1354 1473 1476 1508 πενίαν
1494 1473 1606 1508 πάντα
1624 1479 1736 1508 ποιεῖν

144 1521 209 1555 καὶ
218 1520 364 1566 πάσχειν
376 1520 646 1562 ἀναπείθουσαν,
657 1520 706 1558 ὡς
719 1519 870 1564 ἐκφύγοι
883 1533 932 1558 τις
944 1519 1054 1564 αὐτήν
1066 1518 1082 1565 Η
1095 1519 1195 1554 Pers,
1204 1520 1297 1565 prol.
1305 1519 1439 1554 8—11:
1453 1520 1534 1565 quis
1547 1519 1738 1565 expediuit

146 1566 303 1612 psittaco
319 1577 429 1602 suum
444 1570 547 1611 χαῖρε
563 1567 757 1612 picamque
772 1565 898 1601 docuit
923 1565 1036 1600 uerba
1052 1568 1181 1601 nostra
1198 1565 1349 1602 conari?
1366 1566 1542 1612 magister
1565 1565 1655 1601 artis
1678 1565 1734 1600 in-

145 1615 303 1659 genique
317 1613 471 1658 largitor
487 1619 625 1655 uenter,
650 1617 803 1658 negatas
822 1611 958 1647 artifex
975 1612 1078 1658 sequi
1103 1621 1212 1647 uoces
1235 1612 1248 1656 11
1274 1611 1433 1647 Phaedr.
1449 1611 1536 1647 IIII
1551 1611 1609 1655 22,
1625 1611 1647 1646 2
1660 1622 1734 1658 sq.:

146 1658 366 1702 Simonides,
382 1659 447 1706 qui
463 1658 611 1704 scripsit
626 1659 812 1704 egregium
831 1657 956 1701 melos,
973 1669 1047 1704 quo
1063 1662 1316 1704 paupertatem
1333 1658 1533 1693 sustineret
1548 1658 1695 1694 facilius
1715 1658 1732 1704 ΙΙ

143 1705 325 1751 Apuleius
342 1705 388 1740 de
404 1705 526 1750 magia
536 1716 568 1740 c.
584 1703 637 1745 18,
648 1705 948 1750 434tpaupertas
965 1730 974 1739 .
988 1730 998 1740 .
1012 1731 1020 1739 .
1040 1705 1206 1739 omnium
1224 1705 1361 1740 artium
1378 1704 1558 1751 repertrix
1620 1704 1670 1741 53
1685 1705 1710 1742 S
1725 1716 1733 1739 :

146 1751 294 1787 Persius
318 1752 352 1794 5,
374 1751 441 1786 144
464 1761 536 1796 sq.:
562 1749 652 1796 quid
676 1750 744 1786 tibi
761 1750 843 1786 uis?
869 1749 988 1786 calido
1010 1751 1080 1785 sub
1097 1754 1245 1797 pectore
1263 1750 1428 1786 mascula
1443 1750 1528 1786 bilis
1543 1751 1735 1793 intumuit,

144 1797 245 1880 Ἠιοὲὶ
262 1797 464 1879 (οὶὲὲἶιεέω)
480 1796 887 1881 ἓοῃοθκὴίηκθτὶὒιίτῐέἓ
902 1796 1070 1832 cicutae?
1104 1796 1173 1878 1:55
1188 1799 1301 1850 ⁸q'.T³
1319 1797 1478 1878 IoanHes
1491 1796 1735 1889 Yietoriensi'sls

284 1870 293 1879 .
335 1852 341 1859 ’
428 1869 437 1879 .
524 1854 532 1878 :
596 1854 680 1878 u.a.
704 1854 736 1878 a.
863 1851 870 1857 ·
910 1854 927 1877 s
955 1854 981 1878 .:
1008 1854 1092 1878 eun
1144 1854 1257 1878 anni
1283 1853 1384 1879 more
1437 1854 1504 1879 uen
1524 1854 1556 1878 ιε
1580 1854 1602 1878 a
1629 1854 1698 1879 uae

145 1855 427 1936 Maxiss.eleg.1
447 1889 514 1925 179
528 1888 581 1930 (P.
593 1889 635 1925 L.
646 1888 737 1925 MN
749 1888 851 1930 3240:
869 1854 1007 1924 origen
1024 1899 1147 1924 amare
1162 1889 1310 1933 iocos,
1328 1889 1466 1924 crimen
1484 1853 1732 1929 conuffuia,

138 1939 272 1971 cantus
286 1936 379 1980 (scil.
389 1935 480 1980 seni)
498 1936 511 1980 ΙΙ
530 1934 830 1980 Verg.e01.9,51:
848 1935 973 1971 omnia
987 1934 1057 1971 fert
1065 1935 1126 1981 (al.
1138 1935 1237 1980 fers‚)
1248 1939 1361 1979 aetas,
1373 1936 1537 1971 animum
1552 1946 1627 1983 quo
1654 1946 1700 1970 ue
1713 1935 1729 1982 ΙΙ
1744 1942 1746 1944 “

143 1982 213 2018 Ou.
228 1981 323 2017 med.
341 1982 447 2017 form.
464 1981 527 2030 45:
552 1980 710 2017 formam
727 1981 966 2028 populabitur
990 1985 1091 2018 aetas
1109 1983 1121 2027 Η
1141 1981 1237 2017 Plat.
1254 1981 1368 2027 epigr.
1386 1981 1489 2017 anth.
1507 1981 1586 2017 Pal.
1605 1982 1640 2018 V
1667 1981 1730 2017 ΙΙΙ

144 2028 206 2063 51;
231 2027 321 2062 αἰὼν
343 2027 455 2062 πάντα
480 2028 592 2072 φέρει,
618 2027 757 2073 δολιχὸς
777 2028 907 2078 χρόνος
938 2027 1032 2062 οἶδεν
1063 2027 1220 2073 ἀμείβειν
1251 2028 1385 2072 οὕνομα
1409 2027 1471 2063 καὶ
1501 2027 1648 2073 μορφὴν
1670 2027 1732 2063 καὶ

143 2074 251 2118 φύσιν
286 2073 350 2119 ἠόὲ
385 2073 495 2118 τύχην
587 2073 634 2109 58
665 2074 1013 2120 ‘non-amantque'
1049 2076 1093 2111 T:
1131 2074 1243 2109 florii.
1268 2074 1306 2108 N
1307 2079 1396 2110 ostr.
1421 2077 1458 2110 et
1480 2074 1594 2110 Paris·
1619 2073 1732 2110 8818a

140 2122 187 2202 18³¹:
221 2120 335 2202 lilim.
368 2119 438 2200 gd.
461 2118 587 2200 1ΧΙΝΙΠ
620 2119 705 2156 228:
742 2120 844 2159 ἄλλος
879 2119 945 2165 γάρ
982 2120 1010 2154 τ’
1047 2120 1200 2155 ἄλλοισιν
1238 2120 1327 2165 ἀνὴρ
1364 2120 1578 2165 ἐπιτέρπεται
1618 2121 1731 2166 ἔργοις

153 2168 163 2179 ⁴
195 2187 229 2192 —
246 2167 264 2187 ⁸¹
305 2169 348 2203 T:
405 2165 456 2201 ori
477 2193 484 2200 .
548 2169 636 2201 ostr.

253 2259 337 2293 Q:
349 2261 505 2293 EFMR
515 2258 545 2293 δ’
558 2259 592 2300 (ὃ
603 2261 639 2299 d)
650 2258 681 2292 λ’
693 2259 725 2298 (λ
735 2263 760 2300 l)
769 2273 796 2293 π
806 2272 855 2304 σᾳ
864 2272 926 2293 mv
989 2259 1037 2294 49
1054 2259 1153 2294 medi
1168 2258 1300 2295 misere
1311 2262 1340 2294 R
1371 2258 1483 2294 medii
1499 2259 1632 2295 misere
1648 2259 1687 2293 F
1697 2274 1730 2295 ιι.

144 2328 213 2350 ras.
223 2315 253 2349 λ’
275 2329 307 2350 a.
321 2329 390 2350 ras.
438 2327 498 2351 me
513 2315 563 2351 dii
582 2316 713 2352 misere
725 2320 812 2361 Pph.
860 2316 1039 2364 philippis
1052 2321 1087 2352 F
1097 2317 1127 2351 λ’
1188 2317 1236 2353 50
1259 2316 1424 2362 Decis'sis
1448 2321 1484 2352 E
1528 2316 1693 2352 Descisis
1719 2321 1731 2350 l

145 2371 287 2407 Derisis
311 2387 331 2416 ς]
406 2373 528 2419 pinnis
554 2377 588 2407 E
601 2377 644 2407 M
656 2378 707 2409 ΕΙ
718 2385 762 2410 nl
777 2388 852 2409 cum
867 2375 892 2420 β
897 2385 911 2410 1
927 2385 971 2410 ἰιι
986 2382 1026 2410 ut
1039 2378 1113 2409 uid.
1125 2379 1332 2420 Reyinensvssl
1347 2388 1438 2410 cons.
1453 2379 1580 2419 Porph.
1601 2374 1729 2420 pennis

146 2456 196 2487 Ra
234 2463 279 2487 π2
315 2460 387 2487 cett.
511 2455 558 2488 51
602 2435 688 2492 ‘get
712 2455 731 2488 λ
758 2460 957 2490 miniatoris
982 2459 1085 2500 culpa
1133 2455 1271 2501 inpulit
1294 2459 1344 2490 ΕΙ
1367 2469 1401 2489 m
1417 2468 1508 2489 cons.
1526 2458 1612 2499 Pph.
1661 2455 1729 2489 im-

145 2543 241 2589 pulit
266 2551 339 2579 cett.
381 2545 505 2587 lledax
528 2546 546 2579 λ
640 2546 687 2582 52
710 2522 750 2582 ’ἑὲ
771 2550 812 2581 ut
842 2547 882 2589 λ,
915 2551 1084 2581 miniator
1114 2551 1276 2582 uoluerat
1308 2547 1356 2582 Et
1416 2551 1470 2582 Ut
1495 2551 1507 2580 l
1562 2526 1671 2582 uersus
1688 2543 1728 2580 μδ’

143 2602 190 2638 53
214 2613 378 2647 unquam
403 2616 497 2646 qmv
545 2605 684 2648 uquam
700 2616 721 2637 σ
767 2614 943 2649 umquam
963 2612 1037 2638 cett.
1086 2614 1301 2650 expugnare
1317 2608 1372 2639 Ml
1426 2615 1631 2650 expurgare
1655 2611 1728 2639 cett.

143 2706 191 2741 54
204 2670 342 2751 quan).
408 2706 456 2742 55
473 2705 704 2753 predanturst
717 2719 738 2740 σ
750 2720 784 2740 m
795 2720 815 2741 v
847 2721 883 2741 u.
902 2708 944 2742 57
963 2711 1018 2741 hic
1031 2720 1094 2741 om.
1111 2720 1138 2741 π
1149 2720 1207 2751 pr.
1224 2711 1279 2748 (cf.
1294 2721 1329 2741 u.
1342 2706 1400 2748 68)
1464 2707 1508 2742 57
1528 2661 1702 2742 {endunt
1718 2711 1730 2741 l

144 2762 334 2807 [stendunt
356 2763 375 2797 λ
424 2763 552 2799 fatiam
578 2764 634 2799 uis
659 2767 703 2798 M
743 2763 922 2799 faciamus
946 2778 966 2808 9
1013 2764 1145 2798 faciam
1172 2763 1230 2798 uis
1255 2772 1328 2799 cett.
1352 2767 1439 2808 sph.
1498 2764 1545 2800 63
1569 2763 1726 2808 Quidem

143 2870 194 2901 Bi
245 2865 359 2902 dem?
384 2867 471 2912 quid
501 2878 576 2903 non
610 2867 691 2902 dem
702 2867 733 2913 Y]
762 2832 1051 2913 ls'sdem?quidl.l
1075 2866 1158 2902 dem
1183 2867 1202 2900 λ
1273 2866 1363 2913 quid
1387 2868 1477 2913 non]
1505 2866 1560 2914 qd
1583 2879 1658 2904 non
1689 2872 1733 2904 M

143 2936 294 2970 rennuis
318 2926 350 2970 R
420 2939 463 2971 tu
495 2935 592 2982 quod
627 2940 669 2971 M
678 2937 710 2971 δ’
728 2949 749 2971 σ
764 2950 785 2980 9
802 2940 833 2971 ΖΞ
851 2950 915 2971 mv
1011 2939 1053 2970 tu
1086 2935 1184 2981 quod
1219 2925 1244 2969 fi
1268 2940 1304 2971 Ε
1370 2936 1470 2982 quod
1494 2940 1536 2972 tu
1560 2940 1639 2972 FB
1653 2937 1684 2972 λ’
1700 2952 1727 2972 π

141 2994 188 3029 64
211 2993 357 3029 acidum
381 2994 618 3040 inuisumque
631 2998 712 3038 flor.
729 2997 845 3029 Nostr.

214 3062 375 3089 Hoimnvs
394 3063 436 3090 11.
474 3063 518 3089 ed.
539 3064 564 3090 2.
1475 3053 1520 3088 18
