1950 3236
870 184 972 221 LIB.
996 185 1028 221 Ι.
1053 185 1108 222 16.
1680 186 1765 228 225

293 313 397 359 ‘non
426 314 647 358 hominem
680 311 855 357 occidi':
887 311 989 357 enon
1020 326 1176 368 pasces
1208 313 1252 356 in
1285 325 1415 357 cruce
1445 312 1634 356 coruos'.

293 382 406 429 ‘sum
437 384 581 427 bonus
612 387 657 426 et
685 382 842 437 frugi’:
873 383 1021 426 renuit
1051 383 1309 437 negitatque
1342 381 1559 426 Sabellus.

295 457 450 498 cautus
480 453 597 496 enim
629 453 789 495 metuit
818 451 995 495 foueam
1027 451 1161 507 lupus
1192 451 1488 506 accipiterque
1734 461 1769 487 ⁵0

297 526 527 578 suspectos
556 521 740 576 laqueos
771 526 816 564 et
850 525 1056 576 opertum
1087 521 1247 564 miluos
1277 521 1471 564 hamum.

298 593 488 636 oderunt
517 603 699 646 peccare
730 591 836 633 boni
866 591 1047 637 uirtutis
1078 602 1242 633 amore.

296 665 345 705 tu
375 660 485 704 nihil
514 660 722 703 admittes
752 660 797 702 in
829 663 874 702 te
903 659 1142 703 formidine
1171 671 1363 713 poenae:

297 731 355 773 sit
384 742 486 785 spes
514 729 711 782 fallendi,
747 729 956 772 miscebis
987 741 1110 772 sacra
1141 727 1352 783 profanis.

297 812 398 842 nam
430 799 484 842 de
513 798 634 842 mille
662 797 791 841 fabae
821 798 982 841 modiis
1013 810 1111 841 cum
1145 798 1341 852 subripis
1372 809 1523 849 unum,
1738 807 1771 832 55

299 869 508 912 damnum
540 872 621 921 est,
653 880 742 910 non
773 866 947 911 facinus
977 867 1086 910 mihi
1115 870 1244 921 pacto
1275 867 1420 909 lenius
1450 867 1551 909 isto.

355 938 425 981 uir
454 938 613 990 bonus,
644 949 776 980 omne
805 935 951 979 forum
983 948 1113 991 quem
1147 939 1320 990 spectat
1345 943 1390 978 et
1410 947 1542 978 omne
1562 935 1772 978 tribunal.

299 1007 664 1062 quandocumque
695 1007 803 1050 deos
834 1006 907 1049 uel
937 1018 1073 1061 porco
1105 1005 1178 1048 uel
1210 1006 1325 1048 boue
1356 1005 1512 1060 placat,

298 1076 423 1120 eIane
452 1081 578 1131 pater
590 1074 615 1119 Γ
648 1076 776 1128 clare,
807 1076 925 1119 clare
957 1088 1056 1118 cum
1090 1075 1200 1118 dixit
1230 1074 1408 1129 ‘Apollo
1421 1074 1460 1128 Γ,

298 1178 344 1215 48
367 1180 411 1216 S:
436 1178 583 1214 Petron.
600 1177 656 1221 58,
669 1178 710 1212 2:
735 1187 932 1213 ceruorum
957 1176 1096 1212 cibaria
1165 1177 1213 1213 53
1235 1178 1279 1214 S:
1306 1175 1510 1212 Philodem.
1527 1176 1575 1212 de
1591 1175 1683 1212 rhet.
1700 1176 1775 1213 uol.

183 1225 294 1261 Herc.
320 1224 357 1260 V
380 1235 404 1260 a
425 1223 494 1261 col.
516 1224 562 1260 25
641 1225 688 1260 54
712 1225 755 1261 S:
788 1224 873 1259 Tac.
898 1234 985 1258 ann.
1009 1223 1069 1258 XI
1095 1222 1158 1257 12:
1199 1222 1382 1258 nonnulla
1413 1222 1618 1258 fallendi
1649 1234 1730 1269 spe
1754 1222 1772 1270 Η

184 1271 307 1307 Plaut.
331 1271 417 1306 trIn.
433 1269 526 1314 112,
550 1271 570 1306 7
588 1281 642 1317 sq.
662 1269 777 1316 ‹285):
802 1270 1005 1305 miscent
1028 1280 1147 1304 mores
1164 1269 1264 1312 mali,
1281 1279 1408 1314 rapax,
1433 1280 1581 1312 auarus,
1605 1268 1775 1304 inuidus:

186 1328 370 1354 sacrum
401 1316 675 1364 profanum,
704 1316 897 1363 publicum
929 1316 1120 1362 priuatum
1151 1315 1292 1351 habent
1328 1317 1341 1360 ΙΙ
1374 1315 1522 1350 Paulin.
1546 1325 1578 1350 c.
1605 1314 1660 1359 10,
1687 1313 1776 1351 272:

186 1364 218 1399 si
253 1363 426 1410 religiosa
459 1362 678 1417 profanis
771 1362 817 1398 55
853 1362 901 1398 cf.
932 1362 1132 1407 Augustin.
1160 1361 1207 1397 de
1241 1361 1405 1397 mendac.
1442 1372 1474 1397 c.
1507 1360 1570 1397 12:
1607 1361 1640 1397 si
1677 1361 1775 1397 enim

183 1421 298 1491 3:¹3²&
296 1415 393 1492 iffi
403 1408 933 1491 ἓῒηῗθὲἲέἒὶἓέᾚῖαῖοῖῗῗ
936 1407 1158 1490 ..miii
1163 1407 1246 1489 12¹3?
1250 1407 1479 1500 ugffiaffisseff
1493 1407 1778 1500 3ξῶἶὲᾟῖξέἓῖ

184 1502 232 1538 ad
264 1502 511 1538 necessarium
542 1501 683 1538 uictum
720 1500 894 1547 prodesse
924 1499 1086 1535 furanti:
1119 1481 1347 1546 conseq’uens
1379 1500 1459 1544 erit,
1492 1503 1535 1536 ut
1566 1503 1603 1536 et
1633 1500 1778 1536 furtum

185 1549 266 1584 sine
294 1547 577 1594 reprehensione
608 1547 688 1583 fieri
720 1547 840 1594 possit
870 1550 907 1583 et
938 1546 1076 1582 falsum
1117 1546 1370 1582 testimonium
1403 1546 1483 1582 sine
1539 1550 1664 1582 eccato
1694 1546 1779 1583 dici.

186 1605 261 1641 quo
292 1593 383 1641 quid
413 1594 486 1630 dici
517 1596 639 1640 potest
669 1593 904 1640 peruersius?
976 1594 1022 1630 57
1055 1603 1133 1639 sqq.
1157 1594 1202 1632 S:
1237 1592 1321 1628 Seu.
1351 1592 1457 1638 epist.
1484 1594 1499 1627 1
1531 1620 1540 1636 ,
1572 1594 1613 1629 5:
1646 1603 1779 1628 uerum

184 1644 252 1683 est,
276 1640 376 1687 quod
398 1639 500 1687 apud
522 1639 809 1676 Athenodorum
832 1639 978 1675 inueni:
1005 1643 1096 1675 tunc
1121 1639 1216 1675 scito
1241 1650 1320 1674 esse
1343 1642 1381 1674 te
1400 1638 1574 1674 omnibus
1598 1638 1779 1686 cupidita-

190 1686 292 1722 tibus
316 1686 494 1730 solutum‚
518 1697 604 1721 cum
629 1696 672 1723 eo
695 1685 916 1732 perueneris,
948 1689 992 1721 ut
1016 1685 1109 1720 nihil
1132 1685 1242 1721 deum
1266 1695 1384 1731 roges,
1416 1685 1488 1720 nisi
1520 1684 1620 1731 quod
1652 1695 1782 1732 rogare

237 1733 307 1768 seis
329 1733 464 1779 palam.
497 1743 598 1768 nunc
622 1732 720 1768 enim
745 1736 886 1778 quanta
908 1731 1096 1768 dementia
1119 1735 1175 1767 est
1197 1731 1413 1768 hominum!
1450 1731 1668 1778 turpissima
1691 1735 1782 1767 uota

213 1779 258 1814 iis
284 1779 548 1822 >insusurrant3
585 1778 700 1825 siquis
736 1779 945 1815 admouerit
979 1789 1123 1820 aurem,
1164 1779 1436 1821 conticescunt,
1470 1781 1508 1813 et
1550 1777 1650 1824 quod
1690 1777 1783 1814 scire

183 1824 374 1861 hominem
398 1827 543 1870 nolunt,
574 1824 644 1861 deo
675 1828 831 1860 narrant
870 1826 883 1870 ΙΙ
923 1824 1024 1860 Pers.
1047 1824 1081 1869 2,
1106 1823 1240 1859 8—10:
1265 1823 1381 1860 ‘mens
1405 1823 1514 1866 bona,
1538 1824 1651 1869 fama,
1675 1823 1782 1860 fides’

182 1870 275 1907 haec
297 1870 426 1908 clare
458 1876 496 1907 et
526 1875 570 1907 ut
601 1870 732 1906 audiat
762 1870 908 1917 hospes,
939 1870 1005 1906 illa
1035 1870 1106 1906 sibi
1137 1870 1338 1907 introrsum
1372 1870 1435 1915 (ci.
1460 1881 1574 1916 supra
1598 1882 1634 1906 u.
1651 1871 1713 1916 45)
1746 1874 1783 1907 et

187 1917 260 1953 sub
282 1917 412 1964 lingua
436 1921 665 1953 murmurat:
697 1928 720 1953 o
743 1917 775 1952 si
801 1917 956 1953 ebulliat
979 1920 1148 1963 patruus,
1174 1917 1402 1962 praeclarum
1435 1916 1570 1952 funus!
1664 1917 1712 1954 59
1734 1918 1780 1955 S:

184 1963 390 1999 Terentian.
418 1963 536 2000 Maur.
561 1963 608 1999 de
632 1963 777 2000 metris:
804 1963 919 1999 Iane
942 1967 1096 2010 pater,
1121 1963 1213 1999 Iane
1235 1966 1345 1999 tuens

304 2056 718 2102 ΩΞΑΕΙΡΜΕγῖ
737 2069 956 2101 νπσςπιυ
974 2071 991 2091 z
1062 2056 1109 2092 49
1124 2059 1235 2102 negat
1258 2054 1329 2092 hoc
1352 2056 1551 2102 renuitque
1566 2059 1647 2100 flor.
1664 2058 1782 2091 Nostr.

187 2114 404 2160 negitatque
425 2118 477 2150 El
500 2124 544 2149 m
603 2114 707 2161 negit
737 2118 850 2172 atque
874 2118 925 2150 A1
946 2128 965 2159 γ
1013 2118 1124 2161 negat
1147 2118 1259 2161 atque
1283 2118 1334 2149 Aa
1353 2117 1441 2149 ΕΜ
1450 2117 1482 2149 R
1497 2113 1527 2148 λ’
1544 2127 1564 2148 ν
1578 2123 1783 2158 naoqmvz

831 2174 847 2195 ’ὁ

188 2208 371 2252 negatque
393 2210 430 2241 E
434 2220 473 2251 p.
491 2220 561 2241 ras.
647 2207 695 2243 50
718 2209 862 2254 metuat
884 2210 921 2242 Ε
965 2206 1274 2254 accipittverque
1297 2211 1329 2242 A
1408 2207 1454 2243 51
1479 2206 1681 2253 Suspectus
1706 2210 1736 2241 A
1750 2210 1786 2240 E

191 2310 243 2342 Ra
262 2321 282 2353 y
305 2308 336 2342 λ’
361 2323 439 2344 uar.
461 2322 482 2344 σ
501 2324 522 2354 9
537 2324 556 2345 v
581 2314 662 2354 flor.
687 2314 804 2346 Nom.
876 2311 1080 2358 Suspectus
1112 2315 1148 2346 F
1167 2315 1210 2346 M
1229 2315 1278 2347 ΕΙ
1299 2310 1330 2346 λ’
1352 2325 1371 2346 ν
1387 2324 1414 2345 π
1429 2324 1463 2345 m
1479 2325 1496 2345 z
1567 2278 1720 2356 opgtum
1752 2314 1784 2344 A

193 2364 330 2399 miluus
355 2369 387 2400 A
403 2370 453 2401 Ει
473 2371 508 2401 F
526 2380 581 2411 pr.
595 2372 639 2402 M
649 2372 681 2403 R
697 2382 716 2413 γ
729 2382 786 2413 pr.
803 2368 834 2403 λ’
850 2382 878 2403 π
892 2383 913 2413 9
932 2383 950 2404 v
967 2383 984 2403 z
1047 2368 1200 2404 miluius
1224 2373 1276 2404 Ea
1300 2372 1336 2404 F
1348 2383 1435 2404 corr.
1453 2383 1473 2413 γ
1491 2381 1577 2404 corr.
1594 2382 1614 2403 ν
1626 2381 1648 2402 σ
1659 2380 1691 2402 m
1702 2371 1784 2411 flor.

194 2424 311 2456 Nostr.
358 2422 513 2458 hamum
531 2424 565 2460 Ω
574 2429 655 2469 flor.
673 2429 789 2461 Nostr.
859 2426 907 2462 52
922 2437 1051 2473 pecare
1069 2430 1113 2462 M
1154 2426 1261 2463 bonis
1277 2431 1310 2462 A
1351 2431 1392 2461 in
1403 2430 1447 2461 M
1452 2440 1471 2471 γ
1488 2440 1595 2461 manu
1609 2428 1716 2460 multo
1735 2438 1786 2459 re-

193 2484 341 2514 centiore
374 2484 430 2515 hic
458 2494 578 2516 uersus
609 2486 805 2527 adscriptus
837 2492 907 2519 eet:
940 2483 1084 2520 Oderut
1115 2495 1267 2530 peccare
1298 2484 1387 2521 mali
1420 2483 1618 2520 formidine
1649 2493 1788 2529 poenae

194 2537 327 2583 (penae
343 2539 376 2581 y)
384 2548 392 2580 ;
418 2551 557 2572 uersum
579 2543 827 2583 interpolatum
849 2554 920 2575 ηοη
938 2545 1096 2576 exhibent
1111 2546 1142 2576 A
1160 2545 1196 2576 Ε
1205 2545 1280 2576 FR.
1291 2541 1321 2575 λ’
1335 2555 1354 2576 ν
1366 2555 1393 2576 π
1405 2554 1426 2575 σ
1437 2555 1458 2586 9
1470 2554 1503 2575 m
1515 2555 1535 2575 v
1548 2544 1652 2584 zflor.
1668 2543 1786 2575 Nostr.

193 2595 243 2631 53
258 2605 374 2640 poene
390 2595 452 2630 Ελ
494 2605 587 2642 pene
603 2610 623 2641 γ
670 2608 763 2643 pene
786 2610 837 2632 νυ
877 2609 975 2644 pene
987 2611 1054 2642 ym
1070 2609 1108 2634 21
1182 2599 1229 2635 54
1249 2599 1288 2634 Si
1307 2613 1335 2643 φ
1347 2613 1386 2643 p.
1404 2612 1474 2633 ras.
1522 2597 1692 2633 miscebit
1708 2601 1786 2642 lpr.

193 2652 240 2688 55
264 2651 396 2688 modiis
421 2665 486 2687 om.
503 2656 515 2687 l
530 2666 584 2698 pr.
648 2654 782 2689 modus
806 2658 921 2690 lcorr.
994 2655 1157 2702 subripis
1182 2660 1214 2691 A
1235 2660 1314 2691 ΕΒ
1328 2656 1347 2690 λ
1365 2669 1392 2690 π
1407 2670 1427 2690 υ
1444 2670 1462 2690 z
1525 2656 1681 2702 surripis
1706 2659 1795 2691 ΕΜ

195 2724 214 2755 γ
230 2724 250 2745 ν
266 2723 288 2745 σ
303 2724 324 2755 9
341 2714 354 2744 l
369 2724 403 2745 m
410 2714 492 2755 flor.
511 2714 626 2746 Noetfr.
705 2711 754 2748 56
777 2710 996 2758 Dampnum
1020 2712 1095 2747 Fst'
1112 2727 1131 2747 v
1149 2727 1166 2747 z
1176 2717 1257 2756 flor.
1275 2716 1390 2748 Nostr.
1439 2713 1565 2748 Damfi
1590 2717 1622 2748 A
1671 2713 1789 2749 Dam-

196 2778 288 2803 num
313 2776 389 2803 cett.
405 2771 493 2813 Pph.
540 2771 650 2814 pacto
674 2768 766 2804 mihi
790 2768 910 2804 leuius
935 2769 1007 2805 isto
1022 2773 1103 2814 flor.
1128 2774 1244 2805 Nowr.
1300 2769 1421 2806 leuius
1445 2784 1466 2805 ν
1520 2771 1606 2817 isto]
1631 2774 1710 2807 e'sto
1733 2774 1784 2807 Ri

194 2827 240 2862 5¹2
261 2825 427 2861 tribunal
443 2839 507 2861 om.
518 2830 569 2861 Ai
641 2826 688 2862 58
705 2826 904 2874 Qiiocunq2
929 2831 991 2862 Ev
1039 2827 1147 2873 boue]
1165 2827 1262 2864 bone
1277 2841 1299 2863 σ
1345 2831 1455 2875 pacat
1470 2828 1490 2863 λ
1504 2842 1561 2874 pr.
1619 2829 1668 2866 59
1682 2828 1789 2876 Iane]

195 2883 303 2919 Lana
311 2894 347 2919 21
365 2897 398 2918 a.
413 2897 483 2919 ras.
516 2883 728 2920 clare-clare
739 2888 775 2919 E
781 2888 825 2919 M
827 2898 846 2930 γ
855 2897 1002 2930 voqmv
1003 2888 1084 2930 flor.
1094 2888 1212 2921 Noetr.
1245 2885 1342 2921 clare
1353 2890 1456 2921 semel
1469 2900 1554 2932 pon.
1563 2891 1615 2923 Al
1628 2891 1677 2924 Fi
1687 2886 1788 2930 λ’πι,

195 2945 343 2977 alterwm
370 2941 467 2977 clare
491 2945 572 2977 add.
589 2955 699 2987 supra
720 2956 756 2978 u.
776 2946 827 2978 Fa
848 2952 894 2978 πε
940 2942 1037 2978 clare
1052 2946 1143 2978 clare
1156 2956 1233 2978 cum
1254 2946 1344 2979 dixit
1363 2948 1478 2989 apollo
1496 2948 1528 2980 R
1574 2944 1672 2982 clare
1692 2949 1789 2981 clara

196 3002 339 3039 dixitz‚·
366 2999 420 3035 Aa
448 3003 529 3035 add.
547 3003 694 3035 alterum
719 3000 825 3044 dixit,
849 3005 930 3036 item
954 3004 966 3035 l
989 3004 1088 3044 infra
1105 3014 1244 3036 uersum
1318 3012 1404 3038 cum
1429 3001 1465 3037 Ω
1474 3011 1618 3048 praeter
1642 3016 1663 3038 σ
1686 3003 1790 3050 ((Ῑῦδ)

268 3062 434 3091 ΗοκΑτινε
454 3063 497 3091 11.
535 3063 582 3091 ed.
605 3065 632 3093 2.
875 3091 878 3096 ,
1537 3060 1581 3097 15
