1950 3236
256 140 340 183 272
753 137 954 173 HORATI
978 113 1349 174 Ei‘ISTVLARVM

371 265 516 309 clarus
548 265 604 308 ob
634 264 680 307 id
710 263 874 312 factum
907 264 1034 307 donis
1066 267 1249 322 ornatur
1278 265 1490 318 honestis,

374 335 532 388 accipit
563 336 607 376 et
637 332 706 375 bis
737 332 851 375 dena
880 344 1014 387 super
1045 333 1251 382 sestertia
1279 346 1523 381 nummum.

372 402 487 445 forte
517 402 600 444 sub
630 401 714 459 hoc
742 404 919 456 tempus
950 401 1180 454 castellum
1213 406 1413 453 euertere
1443 405 1623 458 praetor

257 482 291 508 35
374 471 523 514 nescio
555 470 671 524 quod
703 471 885 525 cupiens
914 470 1079 517 hortari
1113 471 1259 527 coepit
1288 472 1477 515 eundem

373 540 537 591 uerbis,
568 551 681 594 quae
713 539 868 582 timido
898 551 1074 594 quoque
1105 544 1287 594 possent
1318 541 1480 583 addere
1511 543 1728 594 mentem:

374 608 416 661 Ἴ,
449 609 576 660 bone,
609 620 695 662 quo
727 609 871 651 uirtus
901 613 978 652 tua
1007 612 1052 652 te
1083 614 1224 663 uocat,
1254 611 1270 653 i
1299 611 1413 664 pede
1442 608 1603 663 fausto,

376 677 560 731 grandia
589 677 762 720 laturus
793 678 1051 721 meritorum
1083 679 1298 732 praemia!
1331 678 1435 733 quid
1467 677 1606 722 stas?³

373 750 474 800 post
505 746 614 789 haec
643 746 719 788 ille
750 750 888 799 catus,
921 749 1206 801 quantumuis
1235 748 1454 802 rusticus:
1486 747 1596 800 ubit,

260 826 294 852 40
376 815 460 858 ibit
490 827 557 867 eo,
588 827 674 870 quo
706 816 788 867 uis,
821 816 895 870 qui
927 828 1082 858 zonam
1114 816 1321 871 perdidit³
1352 817 1511 870 inquit.

434 884 601 927 Romae
631 885 793 927 nutriri
824 884 932 927 mihi
962 885 1148 940 configit
1176 893 1308 941 atque
1340 885 1501 937 doceri,

376 953 515 996 iratus
548 953 678 997 Grais
708 958 921 1008 quantum
954 955 1180 997 nocuisset
1209 954 1417 997 Achilles.

378 1022 579 1065 adiecere
610 1023 752 1065 bonae
781 1023 914 1077 paulo
945 1023 1047 1077 plus
1078 1024 1186 1067 artis
1217 1024 1432 1076 Athenae,

379 1092 545 1135 scilicet
575 1096 625 1135 ut
655 1092 814 1135 uellem
847 1105 984 1135 curuo
1017 1093 1245 1136 dinoscere
1274 1097 1443 1136 rectum

261 1171 296 1196 45
379 1164 513 1216 atque
542 1161 660 1204 inter
692 1161 828 1204 siluas
859 1162 1071 1205 Academi
1102 1175 1314 1217 quaerere
1345 1175 1515 1205 uerum.

379 1230 491 1272 dura
521 1230 600 1272 sed
630 1242 838 1272 emouere
866 1230 964 1273 loco
996 1243 1066 1273 me
1097 1235 1296 1286 tempora
1328 1236 1453 1285 grato

380 1299 610 1353 ciuilisque
641 1299 797 1342 rudem
829 1299 932 1342 belli
963 1300 1066 1342 tulit
1097 1304 1246 1343 aestus
1277 1301 1322 1343 in
1353 1313 1488 1354 arma,

386 1367 592 1411 Caesaris
625 1368 818 1422 Augusti
848 1380 935 1411 non
968 1381 1238 1423 responsura
1267 1369 1458 1412 lacertis.

381 1505 428 1542 38
451 1504 620 1541 cf.s.11
645 1505 750 1545 1,11
778 1516 832 1552 sq.
933 1506 981 1543 39
1012 1515 1085 1551 sq.:
1113 1505 1227 1542 schol.
1252 1507 1288 1541 Γ
1312 1510 1355 1542 V:
1385 1517 1438 1542 ex
1469 1506 1653 1543 Graeca
1682 1504 1853 1546 fabula

268 1551 400 1587 fictum
423 1551 470 1586 de
486 1550 627 1586 athleta
644 1551 706 1596 qui
723 1550 849 1587 follem
874 1551 1086 1597 perdiderat
1161 1552 1301 1588 41-48
1331 1554 1374 1590 T:
1399 1553 1478 1588 uita
1501 1552 1638 1589 Horati
1661 1552 1702 1588 in
1727 1549 1855 1594 codice

266 1596 428 1643 quodam
460 1596 630 1633 Romano
659 1601 752 1633 teste
785 1597 862 1633 Fea
930 1599 977 1633 41
1000 1600 1045 1635 T:
1084 1597 1261 1651 Porphyr.
1294 1600 1374 1634 uita
1398 1598 1534 1635 Horati
1610 1600 1659 1635 44
1680 1591 1855 1639 8⁰1²ers.

267 1644 300 1680 4
327 1645 367 1678 11
394 1654 467 1689 sq:
505 1646 685 1679 rectum
725 1643 959 1680 discernis
999 1643 1064 1679 ubi
1103 1644 1201 1680 inter
1232 1655 1380 1680 curua
1409 1644 1512 1680 subit
1544 1645 1558 1690 ΙΙ
1590 1645 1732 1685 anthol.
1771 1640 1854 1688 Lat.

269 1681 348 1732 789,
371 1688 394 1724 6
425 1700 522 1735 sqq.·
554 1700 699 1725 curuo
730 1689 902 1726 diducere
926 1693 1104 1725 rectum
1139 1689 1325 1737 densaque
1363 1690 1534 1727 Romulei
1573 1688 1879 1744 dignoscere
1940 1726 1945 1734 ,

269 1736 351 1770 iura
384 1743 534 1770 senatus
578 1735 725 1780 ingenio
759 1736 931 1782 permitte
974 1746 1056 1771 meo
1096 1737 1109 1781 ΙΙ
1149 1747 1260 1771 carm.
1302 1734 1349 1772 de
1389 1736 1534 1783 prouid.
1571 1736 1647 1773 diu.
1678 1735 1750 1774 238
1780 1746 1854 1783 sq-·

268 1781 543 1817 discernere
566 1781 711 1817 rectis
734 1792 877 1827 praua
894 1784 1016 1828 potest
1031 1781 1173 1827 (homo)
1191 1784 1204 1827 l}
1221 1782 1267 1818 cf.
1277 1781 1366 1817 ibid.
1376 1782 1462 1819 556:
1488 1793 1574 1818 cum
1591 1787 1721 1819 recta
1742 1791 1853 1829 quens

269 1826 543 1863 discernere
573 1827 733 1872 prauis
810 1829 857 1864 45
882 1830 927 1866 S:
957 1828 1111 1873 Eupolis
1139 1828 1181 1863 ΙΙ
1208 1829 1275 1863 437
1298 1828 1369 1863 M.:
1408 1828 1446 1864 ἐν
1480 1828 1634 1867 εὐσκίοις
1673 1828 1852 1873 δρόμοισιν

268 1871 471 1956 A7xa525aov
504 1873 639 1953 ffeovx)
669 1872 782 1908 Prud.
806 1873 1003 1919 hamartig.
1042 1873 1106 1908 84:
1139 1874 1377 1920 ‘quaerere
1407 1874 1581 1909 uerum’
1611 1875 1650 1909 in
1683 1872 1852 1908 clausula

353 1919 397 1956 S:
434 1918 579 1954 Luc-ret.
668 1919 775 1956 1433:
815 1923 858 1955 ut
899 1885 1014 1955 belli
1051 1931 1211 1971 magnos
1245 1921 1448 1955 commouit
1483 1919 1654 1955 funditus
1690 1919 1851 1954 aestus

270 1919 317 1998 48
341 1965 384 2001 8.
410 1964 486 1999 Cic.
505 1963 552 1998 ad
576 1964 773 2000 fam.1111
792 1966 824 2008 7,
841 1965 882 2000 2:
908 1965 1102 2001 lacertis
1121 1970 1158 2000 et
1175 1965 1316 2000 uiribus
1341 1965 1473 2011 quibus
1491 1975 1596 2011 pares
1613 1974 1687 2000 non
1703 1973 1849 1999 eramus

389 2089 423 2123 Ω
450 2105 495 2119 =
523 2090 813 2125 EFMssa'z'
837 2104 1022 2135 noymv
1146 2090 1193 2127 32
1231 2089 1310 2125 obit
1350 2093 1399 2124 El
1478 2089 1574 2125 facta
1613 2103 1640 2124 π
1710 2089 1851 2125 factum

275 2154 349 2180 cett.
369 2150 450 2189 flor.
486 2150 601 2181 Nostr.
680 2146 861 2182 hornatur
899 2148 919 2181 λ
946 2152 1027 2191 flor.
1060 2151 1174 2182 Nostr.
1268 2150 1420 2183 ornatus
1459 2160 1486 2181 π
1577 2150 1732 2182 ornatur
1779 2154 1854 2182 cett.

273 2202 404 2248 opimis
417 2207 468 2238 ΕΒ
491 2217 568 2238 uar.
589 2204 608 2237 λ
628 2218 706 2238 uar.
727 2218 747 2248 9
767 2218 842 2239 cum
861 2208 975 2239 Paris.
997 2218 1016 2248 q
1041 2208 1139 2239 lectio
1163 2208 1390 2239 Mauortiana
1403 2204 1448 2250 (f)
1497 2203 1661 2240 honestis
1686 2211 1759 2239 cett.
1772 2207 1854 2248 flor.

273 2274 385 2306 Nostr.
412 2273 446 2317 ()
545 2272 592 2308 33
614 2273 783 2307 sestercia
806 2273 857 2306 λυ
949 2273 995 2309 34
1018 2265 1107 2317 §cor
1130 2277 1179 2308 Ει
1230 2288 1265 2308 u.
1289 2274 1335 2308 35
1359 2287 1422 2308 om.
1449 2286 1477 2318 ‹p
1490 2286 1559 2317 pr„
1576 2276 1694 2308 eadem
1712 2286 1755 2308 m.
1774 2276 1855 2308 add.

274 2333 314 2362 in
329 2342 436 2373 marq.
507 2329 554 2365 36
577 2329 639 2375 qui
664 2333 699 2364 E
763 2330 808 2366 37
834 2330 926 2365 bone
950 2334 981 2365 R
1028 2334 1094 2365 tua
1116 2334 1154 2365 te
1176 2341 1219 2365 u:
1236 2334 1317 2374 flor.
1330 2333 1444 2365 Nostr.
1493 2330 1572 2375 tua]
1590 2340 1672 2366 mea
1686 2330 1706 2364 λ
1720 2343 1753 2365 a.
1767 2343 1855 2365 com·-

273 2386 321 2422 38
344 2386 484 2432 premia
507 2390 557 2421 ΕΙ
577 2387 596 2420 λ
613 2400 634 2421 σ
650 2400 669 2421 υ
716 2387 778 2432 qid
802 2387 821 2421 λ
890 2387 937 2424 39
959 2386 1028 2427 hec
1052 2391 1087 2422 Ε
1102 2388 1121 2422 λ
1139 2392 1162 2423 d
1176 2402 1197 2432 9
1244 2387 1335 2423 haec
1359 2395 1431 2422 cett.
1449 2391 1536 2432 Pph.
1554 2391 1682 2432 Porph.
1700 2400 1763 2423 om.
1771 2391 1854 2432 flor.

274 2459 388 2491 Nostr.
482 2456 530 2492 40
560 2456 692 2502 quouis
724 2459 757 2491 R
782 2456 802 2490 ὃ
819 2460 900 2500 flor.
920 2460 1034 2492 Noetr.
1093 2457 1189 2503 inqit
1215 2471 1247 2502 ψ
1309 2446 1406 2504 ίῐιςὶἷ
1441 2470 1469 2501 φ
1572 2457 1617 2492 41
1660 2456 1786 2503 congit
1823 2459 1859 2490 Ε

274 2557 321 2593 42
344 2557 553 2604 grasslusR
599 2558 709 2605 graiis
730 2573 756 2593 π
802 2560 899 2605 grais
925 2568 997 2594 cett.
1066 2560 1112 2596 43
1136 2563 1247 2606 paulo
1267 2560 1301 2595 Ω
1316 2563 1403 2605 Pph.
1418 2512 1594 2595 fiai-{ig}
1658 2561 1707 2596 44
1722 2558 1854 2598 uellem

275 2619 311 2650 Ε
328 2619 401 2660 My
419 2629 452 2650 m
480 2629 555 2650 cum
572 2630 599 2660 μ
624 2629 641 2651 o
659 2629 686 2660 p
718 2620 900 2661 Reyonzens
907 2627 922 2652 2
953 2631 1121 2661 superscr.
1191 2617 1328 2664 possim
1368 2620 1450 2652 ΕΒ
1469 2616 1500 2651 δ’
1522 2616 1553 2651 λ’
1573 2631 1600 2651 π
1621 2631 1641 2652 υ
1710 2626 1855 2663 possem

277 2685 298 2706 σ
352 2673 482 2708 scirem
514 2683 559 2708 ‘na
585 2687 663 2708 aar.
777 2675 823 2710 45
858 2673 1047 2710 achademi
1084 2678 1119 2708 E
1134 2677 1177 2709 M
1188 2685 1233 2709 na
1260 2687 1281 2708 σ
1301 2678 1342 2709 da
1366 2688 1386 2719 9
1407 2678 1419 2709 ι
1441 2688 1475 2708 m
1501 2688 1520 2709 v
1577 2684 1732 2720 querere
1767 2676 1862 2709 ΕΜ

278 2778 327 2809 Bi
344 2775 375 2809 δ’
391 2775 410 2809 λ
427 2789 448 2810 σ
465 2789 498 2810 m
538 2741 681 2820 {erum
705 2777 724 2811 λ
823 2778 871 2812 46
903 2776 998 2812 dura
1021 2777 1098 2822 sed]
1123 2777 1246 2812 Duras
1269 2791 1290 2821 9
1349 2788 1517 2813 emouere
1542 2777 1575 2820 ὅ,
1599 2779 1659 2812 sed
1682 2787 1702 2811 e
1718 2778 1856 2820 primae

276 2835 428 2874 syllabae
443 2837 483 2867 in
501 2847 571 2868 rae.
641 2833 725 2869 sede
748 2845 897 2869 mouere
921 2837 943 2868 d
1006 2845 1045 2869 se
1061 2833 1255 2870 demouere
1269 2837 1305 2868 Ε
1357 2844 1506 2869 mouere
1522 2837 1571 2869 131
1646 2841 1817 2868 amouere
1839 2845 1859 2866 υ

280 2898 447 2923 emouere
473 2898 545 2924 cett.
563 2891 599 2936 ()
647 2902 742 2926 .mc.
757 2891 837 2926 loco
862 2895 895 2926 t:
922 2894 956 2925 E
1056 2892 1100 2927 47
1124 2890 1214 2938 rude
1239 2905 1267 2935 ῳ
1315 2895 1416 2926 estus
1438 2891 1511 2926 Μλ
1530 2903 1586 2935 σς
1603 2903 1637 2925 m
1721 2887 1768 2924 48
1791 2887 1859 2924 Oe-

287 2944 377 2978 saris
402 2949 483 2980 ΕΜ
495 2946 525 2980 δ’
546 2960 566 2980 σ
582 2961 602 2991 9
618 2961 684 2981 mv
