1950 3236
810 151 910 187 LIB.
935 151 990 188 ΙΙ.
1005 151 1040 187 2.
1633 152 1715 195 271

248 285 294 327 in
327 283 456 328 scalis
486 282 616 325 latuit
645 285 850 326 metuens
880 281 1116 336 pendentis
1146 277 1384 324 habenae’:
1689 290 1719 316 ¹⁵

250 353 329 396 des
358 363 577 404 nummos,
609 355 792 406 excepta
820 350 931 394 nihil
960 354 1005 394 te
1035 351 1075 394 si
1104 349 1211 405 fuga
1239 350 1408 393 laedat:

248 423 323 466 ille
351 421 466 465 ferat
493 420 686 476 pretium
717 432 888 475 poenae
921 433 1119 474 securus,
1150 421 1322 475 opinor.

250 492 446 547 prudens
476 490 624 534 emisti
654 491 882 543 uitiosum,
915 490 1033 534 dicta
1063 488 1217 533 *tibist
1245 489 1337 532 lex:

252 560 500 616 insequeris
525 564 677 603 ‘tamen
710 559 830 603 hunc
861 563 906 603 et
934 560 1013 603 lite
1043 559 1232 603 moraris
1263 558 1446 613 iniqua?

252 631 341 674 dixi
369 642 441 673 me
469 630 646 684 pigrum
677 627 976 683 proficiscenti
1005 629 1097 680 tibi,
1129 629 1219 672 dixi
1688 635 1723 661 2⁰

253 701 416 744 talibus
446 698 599 743 officiis
629 711 770 754 prope
802 711 1021 752 mancum,
1052 711 1108 741 ne
1139 710 1239 741 mea
1271 709 1433 740 saeuos

252 770 452 824 iurgares
482 769 537 812 ad
566 772 612 812 te
642 769 761 823 quod
792 768 985 823 epistula
1013 768 1136 811 nulla
1165 766 1347 810 rediret.

254 840 360 895 quid
389 843 482 883 tum
512 838 692 894 profeci,
723 851 895 882 mecum
926 837 1134 882 facientia
1163 838 1263 880 iura

254 911 293 953 si
323 914 470 953 tamen
500 909 783 964 adtemptas‘?
814 908 1015 963 quereris
1047 918 1182 961 super
1212 905 1295 948 hoc
1325 905 1473 956 etiam,
1505 904 1623 958 quod

253 982 481 1034 expectata
509 978 589 1021 tibi
619 990 708 1021 non
738 978 912 1021 mittam
944 977 1140 1020 carmina
1170 974 1371 1018 mendax.
1691 982 1725 1008 2⁵

312 1048 483 1092 Luculli
511 1048 639 1091 miles
670 1047 853 1091 collecta
883 1047 1045 1090 uiatica
1073 1045 1228 1089 multis

255 1118 492 1171 aerumnis,
522 1117 668 1161 lassus
700 1117 805 1160 dum
836 1120 971 1160 noctu
1003 1117 1164 1168 stertit,
1196 1115 1253 1158 ad
1284 1126 1430 1158 assem

256 1188 532 1242 perdiderat:
563 1190 666 1241 post
695 1186 778 1229 hoc
810 1184 1020 1228 *uemens
1050 1184 1197 1239 lupus,
1238 1188 1283 1227 et
1314 1183 1399 1227 sibi
1430 1189 1475 1226 et
1505 1183 1622 1226 hosti

254 1257 393 1300 iratus
423 1256 603 1311 pariter,
634 1256 797 1298 ieiunis
830 1255 1040 1298 dentibus
1069 1266 1185 1307 acer,

255 1327 522 1381 praesidium
554 1325 703 1380 regale
732 1325 829 1368 loco
861 1324 1031 1377 deiecit,
1063 1328 1111 1367 ut
1143 1324 1281 1376 aiunt,
1694 1335 1729 1362 30

258 1408 428 1440 summe
459 1396 629 1439 munito
661 1398 705 1438 et
735 1395 975 1438 multarum
1008 1395 1147 1438 diuite
1178 1406 1342 1437 rerum.

257 1509 303 1546 15
317 1510 363 1548 Sx
387 1509 461 1546 Cic.
483 1520 550 1556 pro
569 1508 650 1545 Mil.
669 1509 725 1550 15,
747 1507 805 1544 40.
825 1507 897 1544 Ou.
913 1507 991 1543 her.
1007 1506 1042 1548 9.
1057 1507 1121 1544 81:
1139 1507 1303 1543 scuticae
1318 1507 1558 1544 tremefactus
1575 1506 1730 1543 habenis

142 1557 186 1592 17
211 1554 366 1602 ‘opinor’
390 1555 427 1590 in
452 1555 585 1592 claus.:
609 1566 639 1590 s.
663 1555 684 1590 Ι
708 1555 742 1598 3,
757 1554 813 1590 53.
838 1555 872 1596 7,
887 1554 921 1589 2.
946 1554 1016 1600 epi.
1033 1554 1053 1590 I
1070 1553 1127 1596 16,
1152 1555 1197 1590 78
1274 1554 1320 1590 21
1345 1556 1390 1593 S:
1415 1553 1502 1589 qu.
1526 1554 1560 1597 3,
1584 1553 1631 1590 46
1654 1564 1728 1600 sq.:

142 1601 237 1638 nulli
259 1612 381 1638 comes
413 1613 503 1638 exeo
525 1606 716 1648 tamquam
741 1611 938 1636 mancus
961 1602 975 1646 ΙΙ
1001 1600 1072 1637 Ou.
1098 1612 1144 1636 ex
1168 1600 1211 1637 P.
1235 1600 1255 1636 1
1280 1603 1312 1645 7,
1337 1603 1402 1638 57:
1426 1611 1494 1636 nec
1517 1610 1730 1635 mancum

142 1647 205 1691 (al.
217 1647 281 1683 sed
292 1647 667 1691 tamemofficium
683 1648 799 1683 sensit
814 1647 947 1682 domus
971 1646 1088 1682 altera
1111 1651 1279 1682 nostrum
1350 1648 1398 1685 23
1420 1648 1464 1686 S:
1489 1646 1614 1703 epi.II
1640 1647 1730 1691 1,63

141 1693 283 1731 26—40
305 1696 351 1732 T:
376 1694 523 1730 floril.
547 1693 704 1730 Nostr.
780 1692 827 1728 28
850 1694 895 1731 S:
921 1692 1035 1728 Hom.
1061 1693 1107 1729 Il.
1132 1693 1219 1729 1111
1242 1693 1309 1729 471
1335 1705 1408 1741 sq.:
1433 1694 1470 1728 οἱ
1490 1693 1530 1728 δε
1552 1692 1655 1727 λύκοι
1679 1693 1731 1732 ὣς

142 1739 303 1786 ἀλλήλοις
334 1740 530 1785 ἐπόρουσαν
564 1742 577 1786 ΙΙ
615 1739 673 1775 XI
692 1740 736 1775 72
762 1750 837 1785 sq.:
869 1740 907 1773 οἶ
934 1738 974 1774 δὲ
1003 1739 1106 1775 λύκοι
1140 1740 1191 1779 ὣς
1223 1740 1334 1775 &vor
1425 1740 1474 1778 30
1496 1741 1542 1778 S:
1576 1739 1661 1775 Sen.
1685 1738 1732 1775 de

143 1797 248 1833 prou.
272 1787 306 1831 4,
330 1786 372 1822 8:
400 1791 467 1822 aut
490 1787 683 1832 explorent
705 1786 776 1821 iter
799 1789 866 1820 aut
888 1785 1187 1831 praesidium
1210 1785 1317 1823 loeo
1341 1785 1556 1823 deiciant

259 1889 900 1934 ΩΞΕΕΜΕἴπσάςτηυ
1018 1890 1066 1926 15
1100 1890 1209 1926 scolis
1248 1889 1341 1926 Ma!
1419 1890 1564 1926 habene
1603 1890 1732 1935 Μλᾳ

143 1949 191 1986 16
213 1947 337 1985 laedat
359 1952 491 1984 FRol
537 1947 637 1984 ledat
651 1947 964 1995 EMulndqva
1037 1949 1084 1985 17
1107 1959 1225 1995 poene
1248 1948 1458 1984 EMRZ'm
1540 1947 1587 1984 18
1610 1948 1733 1984 emisit

142 2020 163 2051 9
212 2005 399 2043 ,uiciosum
434 2006 454 2040 λ
480 2020 502 2050 9
572 2005 675 2041 dicta
710 2006 778 2042 tibi
814 2009 869 2041 est
906 2005 968 2041 lex
1003 2009 1047 2041 M
1063 2019 1090 2040 π
1115 2019 1137 2041 σ
1159 2020 1193 2041 m
1218 2020 1239 2041 v
1310 2005 1410 2042 dicta
1445 2006 1514 2042 tibi
1549 2009 1605 2042 est
1641 2009 1731 2051 Pplz.

144 2064 246 2101 dicta
281 2067 337 2100 est
372 2063 441 2099 tibi
477 2063 538 2100 lex
573 2068 609 2099 E
629 2068 663 2099 B
724 2064 826 2100 dicta
860 2064 929 2099 tibi
964 2063 1025 2100 lex
1062 2067 1117 2100 est
1151 2067 1188 2098 F
1209 2063 1240 2099 λ’
1315 2063 1415 2100 dicta
1445 2063 1558 2106 (dista
1580 2065 1640 2108 dl)
1664 2064 1733 2100 tibi

145 2122 205 2157 lex
239 2125 281 2157 dn
309 2135 330 2167 9
357 2135 433 2156 oum
456 2125 499 2158 81
582 2124 637 2157 est
668 2121 768 2158 dicta
799 2122 868 2158 tibi
903 2122 964 2157 lex
996 2122 1067 2168 0()
1181 2121 1230 2158 20
1268 2125 1436 2158 DENVO
1474 2125 1665 2158 INCIPIT
1692 2122 1732 2164 ὃς

147 2225 537 2269 ΩΞΕΙΡΜΒὸὤ
556 2225 940 2271 ἀ)λ’ζλῑ)πσ97ηυ
1041 2226 1087 2262 21
1112 2226 1246 2263 offitiis
1270 2226 1386 2272 Μφλ.
1433 2180 1575 2273 116]ζέ141
1621 2191 1733 2273 [wilm

146 2285 188 2306 716

148 2316 209 2363 [sss
229 2331 257 2351 π
280 2326 307 2353 ει
333 2329 643 2363 om.ne,⁸uper⁸cr.
664 2322 780 2401 czlmlb
857 2329 966 2365 66606
988 2330 1033 2355 πι
1050 2327 1090 2354 ut
1104 2323 1180 2354 uid.
1257 2330 1367 2367 squas
1389 2330 1436 2355 ns
1498 2329 1631 2355 saeuus
1655 2321 1691 2353 F
1698 2321 1741 2352 M

714 2379 752 2400 80
768 2378 807 2400 us

150 2413 181 2444 R
200 2421 221 2443 σ
240 2413 253 2443 l
271 2423 305 2443 m
351 2420 461 2445 seuus
486 2410 563 2445 E'd'
579 2411 598 2444 λ
610 2425 631 2455 9
678 2423 789 2447 seuus
814 2425 833 2446 v
926 2411 973 2447 22
1004 2411 1164 2457 epistula
1188 2415 1220 2447 R
1235 2425 1262 2446 π
1328 2413 1416 2458 epla
1438 2410 1516 2446 Ed'
1530 2425 1550 2446 v
1597 2410 1681 2456 epla
1705 2413 1740 2444 F

149 2465 304 2512 epistola
314 2470 358 2502 Μ
362 2466 393 2502 λ’
407 2479 428 2501 σ
439 2481 460 2512 9
472 2482 505 2502 m
517 2469 552 2514 ()
582 2468 718 2504 rediret
728 2473 813 2504 EM
814 2473 847 2504 R
855 2469 887 2504 δ’
896 2482 953 2504 πσ
959 2483 980 2514 9
989 2483 1023 2504 m
1061 2470 1206 2505 ueniret
1220 2470 1297 2505 ΕΝ
1313 2484 1391 2504 aar.
1408 2468 1439 2504 λ’
1452 2471 1513 2515 υ()
1583 2467 1631 2504 23
1653 2470 1734 2502 tum

151 2525 185 2560 Ω
196 2527 283 2570 Pph.
332 2528 422 2560 tunc
442 2539 470 2569 μ
516 2525 649 2571 profici
673 2530 706 2560 R
752 2525 920 2561 fatientia
935 2530 979 2561 Μ
1029 2527 1077 2562 24
1092 2531 1292 2573 attemptas
1308 2531 1342 2562 R
1353 2527 1374 2562 ὃ
1385 2540 1413 2560 π
1423 2540 1445 2571 9
1460 2540 1480 2561 υ
1528 2525 1736 2571 adtemptas

150 2616 425 2661 EFZ'cmPph.
489 2585 669 2652 adtergtas
693 2620 735 2651 Μ
791 2621 973 2663 atemptas
1005 2622 1028 2653 d
1092 2618 1215 2664 queris
1246 2623 1283 2654 Ε
1344 2622 1436 2665 quot
1459 2621 1493 2652 R
1510 2628 1557 2653 ns
1622 2616 1676 2663 qd
1698 2620 1742 2651 M

150 2675 198 2710 25
211 2674 438 2721 Exspectata
461 2686 482 2709 σ
529 2673 695 2720 Expecta
714 2677 737 2708 d
783 2674 990 2720 Expectata
1005 2683 1078 2710 cett.
1127 2676 1256 2711 mitam
1276 2675 1308 2710 δ’
1379 2675 1427 2711 26
1442 2674 1578 2710 Lucilli
1590 2685 1636 2709 πι
1647 2677 1736 2718 Pph.

152 2736 224 2767 cod.
248 2735 284 2768 U
325 2731 471 2767 Luculli
496 2739 569 2767 cett.
593 2734 720 2775 Porph.
739 2735 812 2766 cod.
837 2735 878 2768 W
891 2735 973 2775 flor.
996 2736 1113 2768 Noecr.
1215 2732 1261 2769 27
1286 2732 1376 2768 dum
1401 2736 1517 2769 noctu
1541 2745 1606 2766 om.
1623 2734 1673 2767 Rl
1687 2741 1733 2766 πι

151 2791 198 2827 28
222 2789 248 2837 ῤ
272 2793 308 2824 E
315 2793 351 2824 F
400 2800 570 2824 ueemeus
595 2788 626 2823 δ’
644 2802 720 2823 cum
736 2792 823 2835 Pph.
840 2794 1042 2825 Monacensi
1096 2789 1293 2825 uehemens
1329 2798 1402 2826 cett.
1421 2793 1508 2835 sph.
1522 2792 1594 2824 cod.
1616 2791 1651 2825 U
1653 2792 1735 2833 flor.

151 2852 267 2883 Noatr.
338 2856 508 2883 ueemens
530 2851 659 2891 recepit
680 2850 826 2891 Holder,
852 2855 996 2882 ceterum
1019 2850 1102 2882 uide
1124 2850 1263 2892 Epileq.
1327 2847 1398 2882 sibi
1428 2846 1527 2883 hosti
1557 2849 1600 2881 M
1655 2846 1736 2882 Subi

151 2917 251 2954 hosti
278 2928 323 2952 πι
428 2915 476 2952 30
495 2907 670 2965 Pejrsidifi
694 2919 738 2951 M
785 2915 992 2952 Presidium
1016 2915 1089 2952 Ελ]
1107 2928 1129 2951 σ
1145 2920 1168 2951 d
1180 2929 1201 2961 9
1213 2930 1247 2951 m
1259 2930 1278 2951 v
1326 2916 1455 2953 deloco
1478 2920 1511 2951 R
1526 2930 1559 2951 a.
1576 2930 1645 2952 rac.
1660 2929 1688 2951 π
1703 2929 1736 2951 α.

152 3000 222 3022 ras.
292 2986 339 3023 31
363 2986 572 3021 multatum-1
596 2990 632 3021 Ε
