1950 3236
252 185 337 227 214
747 183 947 220 HORATI
971 183 1338 221 EPISTVLARVM

269 323 285 348 5
367 312 532 354 euellas
562 324 683 365 agre,
716 315 760 353 et
790 311 943 355 melior
974 312 1032 354 sit
1064 313 1276 356 Horatius
1306 327 1361 356 an
1392 327 1477 357 res.

423 393 493 422 me
523 380 726 434 quamuis
756 380 932 422 Lamiae
960 381 1103 434 pietas
1134 386 1178 423 et
1207 394 1311 425 cura
1341 386 1550 434 moratur,

366 449 546 492 fratrem
578 449 830 500 maerentiS‚
858 453 985 503 rapto
1018 449 1072 491 de
1102 449 1239 493 fratre
1269 451 1459 494 dolentis

366 516 667 567 insolabiliter,
698 521 845 559 tamen
875 518 992 560 istuc
1022 530 1147 561 mens
1178 520 1438 574 animusque

364 585 452 628 fert
482 589 526 628 et
557 589 676 628 amat
708 587 863 640 spatiis
894 587 1117 629 obstantia
1146 600 1350 642 rumpere
1381 589 1584 633 claustra.

253 667 287 693 ιο
366 668 469 698 rure
499 667 581 709 ego
613 655 852 707 uiuentem,
884 659 933 697 tu
965 656 1072 698 dicis
1101 657 1146 699 in
1178 657 1288 699 urbe
1318 658 1520 700 beatum:

367 725 436 767 cui
467 724 612 778 placet
642 724 837 774 alterius,
869 737 949 767 sua
979 725 1185 767 nimirum
1218 731 1286 768 est
1316 727 1416 769 odio
1448 739 1559 770 sors.

366 792 530 835 stultus
561 796 746 846 uterque
777 792 919 836 locum
950 793 1203 836 inmeritum
1235 800 1443 837 causatur
1472 795 1643 850 inique:

365 863 409 904 in
441 862 569 916 culpa
599 866 668 904 est
697 862 885 914 animus,
917 862 992 916 qui
1023 874 1071 904 se
1101 875 1202 905 non·
1221 862 1372 917 effugit
1404 876 1627 918 umquam.

422 935 471 974 tu
503 931 795 974 mediastinus
826 931 959 973 tacita
987 943 1118 984 prece
1148 944 1254 974 rura
1284 932 1479 986 petebas,

250 1011 284 1037 15
366 1012 482 1042 nunc
512 1000 666 1042 urbem
699 1003 743 1042 et
771 999 913 1051 ludos,
945 1004 989 1042 et
1019 999 1175 1042 balnea
1205 1001 1361 1043 uilicus
1392 1005 1541 1055 optas:

365 1081 435 1111 me
466 1073 669 1112 constare
699 1068 805 1110 mihi
837 1069 923 1111 scis
954 1073 998 1111 et
1028 1069 1253 1112 discedere
1283 1070 1469 1123 tristem,

365 1139 730 1192 quandocumque
761 1137 941 1180 trahunt
970 1139 1115 1181 inuisa
1145 1140 1323 1192 negotia
1354 1139 1552 1184 Romam.

366 1220 454 1249 non
486 1207 639 1249 eadem
673 1207 907 1259 miramur;
939 1219 991 1249 eo
1024 1207 1301 1250 disconuenit
1330 1209 1446 1251 inter

365 1288 523 1330 meque
554 1278 600 1318 et
629 1280 695 1318 te:
727 1288 827 1318 nam
859 1288 971 1330 quae
1002 1277 1177 1319 deserta
1207 1280 1250 1319 et
1281 1277 1503 1332 inhospita
1532 1285 1690 1334 tesqua

363 1367 387 1403 ὅ
410 1368 456 1404 S:
481 1366 646 1401 Velleius
672 1365 754 1401 Pat.
779 1365 820 1400 II
845 1365 902 1407 91,
925 1365 966 1400 3:
997 1376 1064 1400 nec
1095 1366 1260 1402 melior
1289 1367 1344 1402 illi
1376 1379 1450 1403 res
1483 1368 1678 1404 familiaris
1709 1380 1822 1416 quan

249 1424 374 1448 mens
399 1412 493 1448 foret
564 1414 584 1449 7
601 1413 645 1450 S:
670 1412 748 1447 Cic.
766 1412 811 1446 ad
832 1412 943 1447 Attic.
963 1411 1044 1446 XII
1059 1410 1116 1455 28,
1134 1411 1175 1447 2:
1199 1423 1452 1449 maerorem
1469 1415 1599 1457 minui,
1614 1414 1823 1451 dolorem

250 1471 316 1495 nec
338 1459 455 1505 potui,
479 1468 556 1501 nec,
581 1459 612 1493 si
635 1469 793 1504 possem,
823 1458 956 1493 uellem
974 1459 987 1502 {l
1005 1458 1076 1494 Ou.
1101 1469 1146 1493 ex
1169 1458 1211 1494 P.
1235 1458 1255 1494 Ι
1279 1459 1313 1502 9,
1339 1461 1377 1494 1:
1410 1460 1456 1495 de
1486 1465 1594 1506 rapto
1623 1464 1689 1496 tuo
1720 1460 1825 1497 uenit

249 1505 407 1551 epistula
429 1504 537 1540 Celso
604 1503 628 1540 8
651 1505 694 1542 S:
720 1503 814 1540 Stat.
839 1515 868 1539 s.
884 1502 926 1538 II
952 1505 983 1547 1,
1009 1504 1093 1540 103:
1118 1516 1244 1540 mens
1268 1506 1703 1552 animusquenLucr.
1721 1506 1742 1542 Ι
1761 1506 1822 1543 74:

250 1555 412 1586 mente
457 1551 715 1596 animoque
758 1550 806 1592 (in
851 1549 1032 1594 clausula)
1075 1551 1087 1594 ΙΙ
1131 1549 1242 1597 Verg.
1285 1552 1376 1587 Aen.
1420 1551 1476 1587 VI
1520 1553 1581 1587 11:
1624 1557 1821 1588 mentem

249 1598 550 1642 animumque
617 1596 642 1632 9
664 1597 709 1634 S:
743 1595 889 1631 Lucret.
913 1595 955 1630 II
980 1595 1047 1631 263
1072 1606 1167 1642 sqq.:
1199 1607 1322 1632 nonne
1351 1596 1457 1633 uides
1489 1598 1599 1634 etiam
1630 1598 1823 1643 patefactis

248 1647 414 1689 tempore
430 1646 568 1688 puncto
584 1644 762 1695 carceri
773 1642 796 1677 b
807 1653 859 1676 us
874 1652 947 1677 non
965 1652 1072 1687 posse
1087 1648 1210 1695 tamen
1228 1653 1528 1690 prorumpere
1595 1655 1727 1698 uorum
1746 1644 1823 1680 uim

249 1688 1286 1787 {3P÷ff⁸ffuzssff¹¹1if⁶i¹33ts⁰affauenssssffqssffluzffissodo
1309 1690 1423 1781 113}stss
1426 1690 1823 1782 ¹{Jaussffijzffi‘1'232
1860 1711 1863 1713 “

248 1786 292 1815 ut
314 1782 371 1824 fit,
396 1780 560 1826 effugere
582 1779 675 1815 haut
696 1788 793 1826 potis
817 1784 882 1824 est,
907 1784 1062 1825 lngratls
1093 1780 1218 1815 haeret
1247 1785 1284 1816 et
1313 1781 1394 1817 odit
1476 1783 1522 1818 14
1544 1784 1588 1819 T:
1612 1781 1723 1827 gloss.
1747 1781 1822 1817 Mai

247 1827 352 1862 class.
376 1830 473 1862 auct.
498 1825 599 1861 VIII
622 1825 690 1861 353
763 1826 810 1861 19
832 1825 1174 1872 ‘deserta-tesqua’
1197 1829 1242 1864 T:
1268 1826 1356 1863 ibid.
1381 1826 1482 1862 VIII
1507 1828 1575 1863 584
1620 1829 1664 1866 S:
1690 1826 1821 1864 Accius

248 1872 435 1918 (Philoct.)
460 1884 496 1907 u.
521 1872 589 1908 554
612 1871 742 1908 Ribb.:
767 1872 849 1917 qui-s
865 1875 957 1907 tues
973 1873 1151 1913 mortalis,
1176 1874 1238 1918 qui
1261 1873 1300 1908 in
1324 1873 1512 1909 deserta
1534 1880 1578 1908 et
1600 1876 1765 1919 tesqua
1786 1876 1824 1908 te

248 1918 416 1964 adportes
444 1918 549 1953 loca?
586 1920 599 1961 ss
635 1917 798 1963 Apollin.
830 1917 956 1953 Sidon.
980 1929 1010 1953 c.
1035 1917 1097 1961 16,
1129 1918 1191 1952 91:
1223 1918 1412 1964 inhospita
1441 1924 1571 1964 tesqua
1596 1918 1611 1964 ΙΙ
1639 1918 1687 1954 cf.
1711 1917 1821 1964 Verg.

248 1965 339 1998 Aen.
364 1963 447 1998 IIII
471 1965 514 1998 41
541 1975 612 2009 sq.:
637 1968 674 1999 et
698 1963 945 2009 inhospita
970 1963 1102 2008 Syrtis,
1125 1963 1212 1998 hinc
1236 1964 1424 1999 deserta
1447 1965 1508 1998 siti
1530 1966 1631 2008 regio

364 2044 398 2078 Ω
418 2061 461 2072 =
482 2048 513 2078 A
530 2047 566 2123 ΛΞ
578 2047 613 2078 F
626 2047 656 2078 R
672 2057 691 2088 y
707 2043 737 2077 λ’
754 2057 773 2078 ν
788 2057 815 2077 π
831 2056 852 2077 σ
868 2057 888 2087 9
905 2057 938 2077 m
951 2057 970 2077 v
987 2058 1004 2076 z
1098 2045 1121 2077 ᾗ
1146 2043 1290 2079 Euelles
1313 2058 1331 2077 ε
1390 2042 1534 2078 Euellas
1557 2051 1629 2078 cett.
1678 2042 1818 2078 oratius

249 2140 282 2171 A
296 2139 491 2180 Ryvnyv
539 2135 679 2170 oratius
705 2138 716 2168 l
764 2145 810 2168 an
836 2138 877 2168 tu
901 2145 957 2169 res
981 2148 1001 2177 9
1022 2148 1054 2168 a.
1076 2147 1146 2168 ras.
1246 2135 1270 2170 6
1293 2138 1454 2182 moretur
1475 2134 1495 2168 λ
1520 2147 1606 2168 corr.
1629 2148 1656 2168 π
1680 2147 1766 2168 corr.
1791 2147 1820 2178 φ

249 2207 335 2228 corr.
354 2207 373 2227 v
392 2205 478 2227 corr.
494 2205 516 2236 9
564 2195 730 2226 moratur
746 2199 818 2225 cett.
876 2192 894 2226 7
913 2192 1106 2226 maerentis
1126 2196 1156 2226 A
1169 2195 1231 2238 Bw
1278 2193 1472 2227 moerentis
1490 2205 1511 2236 9
1557 2190 1730 2226 merentis
1748 2199 1822 2226 cett.

247 2287 272 2321 9
295 2287 331 2319 et
354 2297 418 2341 qm.
433 2287 482 2318 R1
534 2283 666 2328 spaciis
683 2282 746 2317 Ελ
760 2296 779 2317 ν
795 2296 847 2326 qv
894 2282 1084 2318 obstancia
1106 2296 1127 2326 9
1173 2282 1359 2318 obstantia
1375 2291 1448 2318 cett,
1462 2286 1587 2326 Por-ph.
1658 2283 1706 2319 10
1728 2250 1824 2318 Rtvne

248 2379 268 2412 λ,
328 2337 521 2412 10311,ῧῖῗέ
553 2379 583 2409 Α
695 2375 739 2409 11
776 2384 854 2409 sors
886 2378 918 2408 A
934 2378 1012 2409 FR
1028 2388 1046 2419 γ
1062 2373 1093 2408 λ’
1110 2388 1129 2409 ν
1148 2388 1174 2408 π
1190 2388 1223 2409 m
1238 2388 1258 2408 v
1278 2378 1386 2418 zflor.
1411 2377 1526 2409 Nostr.
1589 2385 1646 2409 res
1678 2377 1714 2408 E
1726 2386 1748 2408 σ
1761 2387 1784 2418 9
1800 2387 1823 2418 y

251 2435 297 2471 12
331 2433 427 2470 Sulv’
459 2433 478 2466 λ
544 2431 769 2467 immeritum
805 2436 834 2466 A
853 2445 872 2476 γ
889 2435 901 2466 Ζ
917 2445 937 2476 9
1006 2432 1219 2466 inmeritum
1250 2436 1286 2466 E
1295 2432 1601 2486 ΕΕλνπσφηυι
1612 2435 1692 2476 flor.
1707 2434 1822 2466 Nom.

249 2518 399 2562 clausa?
420 2528 499 2559 Ea.
513 2537 582 2558 ras.
629 2526 799 2558 causatur
823 2527 855 2557 R
900 2523 1046 2568 iniquae
1061 2527 1096 2557 Ε
1164 2523 1209 2559 13
1231 2487 1376 2568 Incdpa
1399 2527 1435 2558 Ε
1478 2524 1530 2568 se]
1555 2525 1593 2558 te
1607 2526 1688 2567 flor.
1707 2526 1821 2557 Noenr.

249 2593 415 2628 unquam
438 2586 548 2626 E9m
564 2595 583 2616 v
588 2585 669 2625 flor.
683 2584 796 2616 Nostr.
845 2583 981 2627 uquam
1007 2584 1019 2615 l
1096 2581 1142 2616 14
1165 2582 1222 2625 tu]
1248 2584 1326 2616 tum
1351 2584 1449 2625 yles-e.
1467 2584 1543 2616 Mai
1587 2579 1823 2615 mediestinus

254 2679 289 2709 E
294 2688 349 2718 pr.
398 2673 643 2709 mediastenus
666 2673 824 2708 inarari
876 2672 1014 2707 medias
1037 2676 1144 2708 tenus
1169 2676 1202 2707 R
1246 2683 1330 2707 rure
1352 2686 1373 2716 9
1419 2671 1570 2718 petabas
1594 2676 1625 2706 A
1673 2639 1822 2717 pgtebas

251 2746 270 2776 γ
298 2736 309 2766 l
406 2731 453 2767 15
483 2730 626 2765 uidicus
659 2735 710 2765 Al
739 2739 801 2764 aut
822 2743 879 2775 pr.
942 2729 1089 2764 uillious
1121 2734 1156 2764 E
1177 2743 1263 2764 corr.
1287 2740 1333 2765 aa
1354 2740 1394 2764 62
1413 2743 1435 2773 9
1451 2743 1483 2764 m
1499 2743 1519 2764 v
1582 2729 1714 2764 uilicus
1748 2735 1821 2762 cett.

253 2790 300 2824 16
322 2788 381 2824 Ne
403 2792 453 2824 121
503 2788 698 2832 discedere]
725 2787 861 2823 discere
883 2793 914 2822 A
984 2789 1028 2823 17
1055 2787 1362 2832 Quandocumque
1385 2791 1419 2821 Ε
1436 2800 1469 2821 m
1488 2800 1508 2821 v
1562 2785 1714 2831 negocia
1734 2783 1755 2818 λ
1769 2797 1822 2828 qv

254 2879 300 2912 18
318 2878 418 2912 Num
435 2889 471 2914 ιι
521 2876 793 2923 discdlivuenit
810 2883 844 2913 Ε
906 2880 952 2915 19
969 2846 1095 2924 nans?
1105 2883 1142 2913 E
1146 2892 1202 2922 pr.
1250 2889 1372 2924 namq>
1400 2882 1435 2913 E
1447 2891 1532 2912 corr.
1580 2876 1686 2922 quae]
1703 2885 1776 2921 que
1788 2878 1822 2909 R

256 2945 330 2980 qua
347 2939 540 2978 Apr.(.2)o1
592 2948 685 2982 quae
708 2944 823 2980 aperte
849 2941 955 2971 eschil).
978 2940 1010 2971 A
1026 2940 1059 2970 F
1071 2950 1090 2980 γ
1106 2935 1136 2970 λ’
1153 2949 1172 2970 ν
1188 2949 1214 2969 π
1230 2946 1270 2970 (52
1289 2945 1329 2979 92
1348 2948 1381 2969 m
1397 2949 1415 2969 v
1433 2949 1450 2968 z
1504 2933 1567 2979 qui
1590 2943 1629 2976 91
1650 2940 1688 2966 ut
1702 2930 1823 2976 uid.()

250 2991 387 3026 diserta
408 2995 444 3025 Ε
487 2994 618 3038 ἱθεᾳιω.
641 2997 675 3027 Ε
