1950 3236
233 141 320 184 296
697 138 897 175 HORATI
925 116 1077 179 Auris
1101 138 1353 176 POEHOAE

353 267 601 321 parturient
633 269 820 318 montes,
853 269 1059 309 nascetur
1089 266 1302 311 ridiculus
1332 280 1443 311 mus.

237 347 289 374 140
353 338 518 389 quanto
549 334 713 376 rectius
744 333 827 387 hic,
858 334 934 388 qui
963 334 1025 377 nil
1056 334 1236 378 molitur
1265 336 1434 391 inepte:

349 400 444 446 ‘dic'
463 402 583 454 mihi,
615 403 753 454 Musa,
783 403 943 455 uirum,
973 407 1126 457 captae
1154 416 1236 458 pos
1266 407 1464 459 tempora
1494 405 1650 449 Troiae

350 472 423 525 qui
454 483 599 513 mores
629 470 856 514 hominum
888 471 1130 515 multorum
1161 472 1272 515 uidit
1301 477 1344 516 et
1376 474 1537 516 urbes³.

349 553 436 582 non
467 539 637 582 fumum
670 551 721 582 ex
751 539 936 594 fulgore,
970 541 1048 583 sed
1080 553 1132 583 ex
1161 539 1283 584 fumo
1314 543 1417 585 dare
1447 543 1587 586 lucem

348 609 522 662 cogitat,
553 612 604 650 ut
635 609 835 663 speciosa
867 608 1027 652 dehinc
1057 610 1268 653 miracula
1298 616 1485 665 promat,

234 669 284 715 1'45
348 676 617 731 Antiphaten
652 676 930 731 Scyllamque
961 681 1005 720 et
1035 690 1132 720 cum
1165 678 1353 733 Cyclope
1385 679 1663 735 Charybdim.

347 758 428 788 nec
458 745 647 788 reditum
681 745 910 789 Diomedis
940 746 995 789 ab
1025 747 1208 790 interitu
1238 747 1462 802 Meleagri,

346 827 427 858 nec
457 814 633 868 gemino
664 815 830 857 bellum
862 815 1100 858 Troianum
1132 817 1304 859 orditur
1333 818 1387 860 ab
1420 830 1530 871 ouo;

345 896 519 938 semper
551 884 606 926 ad
637 887 846 927 euentum
878 883 1061 927 festinat
1091 888 1133 927 et
1165 884 1210 927 in
1243 886 1411 928 medias
1441 898 1513 929 res

345 965 432 994 non
465 965 592 995 secus
623 965 673 995 ac
703 956 830 995 notas
862 954 1116 996 auditorem
1148 954 1263 1008 rapit
1293 958 1350 1006 et,
1383 967 1494 1009 quae

230 1032 282 1058 150
346 1021 554 1074 desperat
582 1024 770 1063 tractata
801 1022 1015 1064 nitescere
1047 1034 1192 1076 posse,
1222 1022 1442 1077 relinquit,

345 1089 567 1152 atque-ita
599 1090 825 1142 mentitur,
859 1090 921 1133 sic
952 1091 1071 1133 ueris
1102 1089 1215 1133 falsa
1244 1092 1464 1143 remiscet,

231 1167 382 1214 aliquis:
424 1166 537 1214 quid
582 1166 658 1202 hic
706 1167 971 1213 promissor
1020 1168 1150 1204 tanti
1190 1179 1212 1204 o
1259 1169 1310 1204 ris
1349 1168 1568 1214 dignum?
1661 1170 1731 1208 189
1763 1173 1811 1209 T:

231 1213 450 1258 Hieronym.
489 1212 575 1248 adu.
614 1212 851 1248 Iouinianum
898 1213 961 1249 lib.
993 1213 1013 1248 Ι
1047 1216 1079 1250 l.
1143 1214 1217 1250 Pro
1244 1226 1288 1250 us
1319 1214 1417 1250 cath.
1450 1225 1485 1260 p.
1517 1214 1563 1252 25
1591 1215 1642 1252 Κ.
1695 1216 1810 1253 floril.

233 1259 350 1294 Paris.
374 1258 504 1295 88182.
530 1258 642 1294 floril.
668 1258 859 1295 Cusanum
883 1259 914 1295 C
939 1260 993 1294 14.
1027 1259 1178 1296 Seruius
1195 1260 1242 1295 ad
1260 1261 1352 1296 Aen.
1378 1261 1479 1297 VIII
1497 1260 1554 1298 83.
1578 1262 1811 1308 quaestiones

274 1304 493 1341 ammaticae
533 1303 572 1339 in
615 1304 694 1340 cod.
734 1304 910 1340 Bernensi
948 1304 994 1340 83
1034 1317 1069 1352 p.
1100 1306 1168 1342 186
1207 1305 1340 1351 Hagen
1403 1306 1725 1343 ‘nascetur-mue?
1763 1310 1809 1346 T:

230 1316 454 1394 Quintilian.
477 1351 564 1385 inst.
588 1350 690 1386 VIII
714 1352 746 1392 3,
771 1349 818 1386 20
880 1352 924 1389 S:
952 1351 1105 1387 Phaedr.
1130 1351 1215 1387 IIII
1240 1351 1286 1387 23
1310 1351 1385 1398 (22)
1409 1357 1445 1388 et
1467 1353 1636 1399 prouerb.
1661 1353 1810 1391 Graeca

231 1397 355 1432 ὤδινεν
372 1398 465 1441 ὄρος,
490 1395 579 1435 Ζεὺς
596 1395 629 1431 δ’
645 1396 807 1441 ἐφοβεῖτο
818 1409 825 1416 ·
851 1396 889 1431 τὸ
906 1396 939 1431 δ’
955 1397 1070 1432 ἔτεκεν
1092 1400 1163 1442 μῦν
1179 1399 1193 1445 ΙΙ
1210 1397 1428 1444 Hieronym.
1444 1399 1530 1435 adu.
1543 1399 1672 1435 Rufin.
1686 1398 1752 1435 III
1768 1399 1808 1436 3:

230 1442 321 1488 quid
338 1442 570 1496 ’parturis
602 1441 693 1477 mihi
730 1447 858 1478 mont
863 1453 913 1500 ⁵es
946 1443 1167 1501 criminpm?
1276 1445 1346 1480 141
1377 1456 1430 1490 sq.
1455 1456 1628 1502 expressa
1653 1449 1743 1504 {unt
1763 1456 1810 1481 ex

228 1487 661 1579 {2235103332325022}
687 1489 757 1578 ΙΤρῗ,
771 1489 1810 1588 ἒξ·εἴὲἒέῗπῗέἰίέὅζέῗεέὲἷξέἑῖα’πὲἓοίἔῖρῖῧωὲψῖἱώμξῖὲ

229 1580 301 1615 ἴδεν
325 1580 428 1615 ἄστεα
452 1579 513 1614 καὶ
537 1580 618 1615 νόον
641 1579 730 1625 ἔγνω
749 1581 761 1624 Η
778 1580 919 1616 Auson.
942 1590 980 1614 1n
1016 1580 1186 1626 periocha
1214 1582 1323 1627 primi
1353 1581 1439 1617 libri
1463 1582 1651 1628 Odysseae
1681 1594 1716 1629 p.
1738 1582 1811 1619 235

231 1625 316 1661 Sch.
341 1626 486 1661 eosdem
511 1636 641 1661 uersus
665 1626 862 1672 usurpauit.
929 1627 998 1661 141
1022 1628 1068 1664 S:
1095 1626 1166 1675 Ou.
1185 1630 1270 1662 met.
1294 1627 1355 1662 XI
1379 1628 1446 1663 ¹757
1470 1639 1542 1675 sq.:
1566 1628 1810 1676 Priamusque

229 1672 432 1707 nouissima
454 1671 620 1707 Troiae
650 1675 860 1726 tempora
892 1672 1044 1707 sortitus
1061 1672 1075 1718 ΙΙ
1094 1671 1193 1707 VIII
1217 1673 1286 1709 365
1309 1684 1380 1720 sq.:
1409 1673 1718 1710 Troiana...tem
1768 1685 1810 1710 ra

230 1717 299 1753 142
322 1721 367 1755 T:
392 1718 505 1753 schol.
529 1717 574 1752 P
583 1721 636 1752 ab
652 1722 683 1753 V
700 1722 804 1763 ep1st.
822 1717 842 1753 I
865 1717 900 1760 2,
925 1717 968 1753 19
991 1719 1192 1764 praemisso
1214 1717 1268 1754 ‘ut
1291 1718 1329 1754 in
1355 1722 1434 1755 arte
1456 1720 1610 1766 poetica’
1678 1722 1700 1756 1
1762 1722 1808 1758 T:

230 1763 384 1809 florileg.
401 1762 637 1798 Nostradam.
707 1765 775 1799 147
794 1766 836 1800 T:
855 1763 1072 1809 Hieronym.
1087 1764 1192 1810 epist.
1209 1765 1255 1801 10
1270 1764 1317 1800 ad
1333 1765 1489 1800 Paulum
1559 1766 1745 1802 148—150
1759 1765 1808 1802 cf.

231 1808 344 1845 schol.
369 1809 465 1845 Ven.
490 1809 606 1844 Hom.
629 1809 675 1844 Il.
699 1809 721 1844 I
744 1810 783 1845 8:
809 1809 945 1854 λέγουσι
970 1810 1009 1844 δὲ
1032 1809 1093 1844 καὶ
1117 1809 1243 1855 ἀρετὴν
1264 1810 1451 1856 ποιητικὴν
1473 1811 1559 1847 εἶναι
1583 1811 1621 1846 τὸ
1653 1816 1724 1847 τῶν
1753 1824 1807 1846 τε·

230 1854 398 1889 λευταίων
423 1855 719 1900 ἐπιλαμβάνεσθαι
738 1855 893 1899 καὶπερὶ
916 1860 987 1890 τῶν
1009 1855 1142 1891 λοιπῶν
1165 1855 1338 1891 ἀνέκαθεν
1353 1857 1546 1902 διηγεῖσθαι
1593 1857 1660 1893 151
1676 1868 1693 1892 s
1720 1882 1730 1891 .
1743 1855 1806 1892 'Sic

232 1900 503 1935 ueris—imum'
517 1903 542 1937 Τ
553 1912 560 1934 :
571 1901 679 1937 floril.
690 1901 724 1935 Ν
728 1904 815 1937 ostr.
847 1903 872 1939 S
883 1901 1054 1937 :Ariston
1067 1905 1164 1947 poet.
1175 1902 1232 1945 24,
1244 1901 1266 1937 9
1276 1913 1310 1948 p.
1326 1903 1454 1946 1460a,
1470 1903 1510 1937 11
1522 1914 1531 1937 ε
1543 1903 1600 1937 δεῖ
1609 1902 1675 1946 μὲν
1769 1901 1807 1936 ἐν

346 1980 379 2014 Ω
387 1996 432 2009 =
441 1984 474 2014 B
485 1983 632 2015 C'FMR
648 1984 700 2025 Ty
709 1980 740 2015 δ’
753 1981 786 2022 (ὃ
795 1986 826 2022 z)
835 1980 865 2015 λ’
877 1981 910 2022 (λ
919 1984 944 2022 l)
953 1994 980 2015 π
988 1994 1081 2015 amu
1091 1995 1109 2015 υ
1157 1981 1226 2017 139
1242 1981 1450 2016 Parturient
1463 1981 1497 2015 Ω
1517 1984 1603 2026 sph.
1621 1984 1805 2016 Pseudacr.

229 2044 326 2071 tract.
359 2040 458 2071 Vind.
483 2040 612 2071 Probus
636 2040 780 2072 Seruius
805 2041 983 2081 florileyia
1012 2041 1126 2071 Paris.
1151 2036 1269 2073 88182
1302 2040 1476 2073 Cusanum
1506 2041 1620 2072 Noetr.
1675 2037 1807 2074 Partu-

229 2127 331 2162 riunt
355 2137 392 2161 22
435 2130 683 2162 Gemblacensis
714 2132 845 2172 aliique
871 2131 1106 2171 Hieronymus
1151 2093 1231 2176 mgs
1255 2131 1288 2163 R
1378 2127 1447 2163 140
1471 2127 1630 2172 Quando
1653 2129 1693 2164 δι
1751 2128 1806 2164 nil

229 2187 263 2218 B
280 2187 366 2218 ΕΜ
381 2187 440 2228 Τγ
457 2184 477 2218 ὃ
490 2197 528 2228 p.
545 2197 615 2219 ras.
631 2183 683 2219 2'2
698 2198 724 2218 π
740 2197 762 2218 σ
777 2198 810 2219 m
825 2198 882 2219 uv
936 2183 1030 2219 nihil
1053 2187 1086 2219 R
1101 2185 1121 2219 ὃ
1137 2184 1313 2223 aramei?
1326 2199 1360 2219 a.
1373 2198 1442 2219 ras.
1496 2184 1575 2220 nihi
1603 2188 1631 2221 0
1672 2183 1764 2220 mihi
1787 2199 1807 2220 ι

231 2242 300 2276 141
325 2244 430 2286 capte
445 2244 481 2275 F
543 2240 568 2288 ί
594 2244 699 2287 capte
724 2244 852 2287 tepora
871 2244 899 2277 0
959 2241 985 2288 ᾗ
1006 2241 1107 2287 (02')
1132 2245 1188 2276 uel
1211 2245 1296 2288 post
1319 2246 1486 2287 tempora
1509 2243 1649 2288 (tempa
1671 2242 1706 2287 ὂ)
1731 2250 1805 2278 oett.
1827 2292 1831 2295 ἡ

230 2303 408 2333 Ausonius
471 2309 536 2344 pos
555 2303 588 2333 t:
612 2311 629 2332 ε
677 2303 717 2332 in
732 2302 765 2332 R
787 2302 871 2345 post
886 2306 935 2333 est.
950 2303 990 2333 in
1007 2312 1134 2334 rasura
1180 2303 1265 2345 post
1289 2301 1410 2334 menia
1431 2302 1488 2334 uel
1511 2299 1656 2335 moenia
1676 2313 1703 2344 μ
1726 2313 1806 2334 παν.

229 2415 269 2442 ε,-
295 2405 335 2437 de
359 2406 535 2446 scriptura
565 2412 632 2447 pos
663 2405 745 2436 uide
777 2405 914 2446 Epiley.
1016 2401 1086 2437 142
1121 2402 1198 2448 qui]
1223 2378 1265 2448 qls
1290 2406 1322 2436 Β
1373 2401 1466 2437 uid&
1492 2405 1534 2438 01
1608 2424 1610 2426 ·
1631 2402 1702 2439 143
1724 2413 1753 2442 Β,
1779 2405 1810 2438 0

230 2459 301 2494 144
334 2459 492 2505 spetiosa
516 2462 551 2493 F
553 2473 570 2492 z
640 2458 801 2505 speciosa
825 2459 845 2493 ὃ
938 2459 1010 2495 145
1033 2459 1264 2505 Antiphaten
1288 2463 1386 2505 FTy
1396 2458 1425 2494 δ’
1439 2473 1456 2494 ε
1469 2459 1688 2540 corniomh
1710 2459 1804 2496 anti-

230 2549 367 2595 pathen
380 2554 414 2585 B
450 2549 652 2596 Antipaten
668 2554 711 2584 M
717 2564 733 2584 ε
741 2563 798 2594 pr.
838 2549 1097 2595 Antiphathen
1116 2553 1145 2586 Ο
1172 2550 1413 2597 Antiphatem
1430 2565 1455 2585 u
1470 2565 1490 2585 v
1532 2550 1761 2597 Authipaten
1774 2564 1803 2586 π

229 2606 465 2652 Antephaten
489 2611 521 2642 R
568 2607 805 2653 Antyphaten
830 2611 842 2642 l
889 2607 1031 2643 scillam
1067 2610 1096 2643 0
1103 2611 1146 2642 M
1152 2608 1173 2642 δ
1191 2620 1212 2642 σ
1226 2621 1282 2642 uv
1337 2607 1507 2643 schillam
1529 2621 1549 2653 γ
1603 2608 1702 2654 cum]
1726 2611 1747 2644 ὃ
1769 2610 1807 2642 Β

229 2677 293 2699 om.
310 2668 340 2699 Τ
347 2664 399 2699 ὂί
411 2675 447 2700 ει
498 2664 638 2710 ciclope
663 2668 739 2701 ΟΜ
744 2669 856 2710 Tyuv
904 2663 1109 2700 charibdim
1133 2669 1166 2700 B
1187 2668 1216 2700 0
1226 2669 1258 2699 R
1273 2678 1290 2699 ε
1305 2665 1324 2699 λ
1342 2679 1370 2710 φ
1385 2679 1470 2700 corr.
1488 2678 1519 2710 ψ
1534 2678 1569 2700 m
1623 2655 1802 2718 caribdim

234 2755 483 2808 Td'fpprduv
531 2755 695 2791 caribdin
713 2770 732 2801 γ
780 2755 947 2792 choribdi
961 2760 1004 2791 M
1068 2757 1135 2792 147
1160 2756 1209 2791 Et
1232 2756 1377 2802 gemino
1400 2711 1801 2801 Hieronymfflrotssizff

230 2799 383 2880 goi-itlittlulr
404 2846 435 2880 λ’
484 2858 556 2883 ouo
588 2848 608 2882 δ
633 2852 672 2882 in
692 2861 760 2882 ras.
809 2846 905 2883 heuo
924 2863 970 2877 =
992 2858 1083 2883 aeuo
1113 2858 1158 2883 πι
1263 2847 1331 2884 148
1363 2847 1461 2892 Senp
1484 2847 1503 2882 λ
1565 2849 1748 2882 adeuentfi
1779 2846 1803 2880 ὅ

230 2936 299 2970 149
323 2903 400 2971 §erc
424 2952 448 2971 u
502 2905 661 2981 auditas,
685 2942 732 2973 ad
748 2952 855 2983 mar-9.
880 2905 923 2974 a›c
945 2942 1053 2974 notas
1076 2953 1101 2972 u
1170 2939 1241 2975 150
1263 2942 1383 2974 tracta
1404 2942 1437 2973 B
1482 2937 1628 2983 reliquit
1651 2940 1693 2971 Μ
