1950 3236
246 145 331 188 288
706 143 907 180 HonArr
931 123 1081 187 Aeris
1105 143 1357 181 PonTmAE

416 272 582 314 ordinis
612 271 720 313 haec
751 272 894 314 uirtus
925 271 1011 314 erit
1040 275 1084 314 et
1113 283 1266 325 uenus,
1296 275 1374 316 aut
1402 285 1485 326 ego
1515 272 1656 325 fallor,

358 343 408 382 ut
436 340 523 382 iam
555 351 673 382 nunc
704 338 831 391 dicat,
862 339 949 382 iam
981 352 1098 383 nunc
1129 341 1336 384 debentia
1365 341 1462 393 dici,

357 407 567 461 pleraque
597 406 770 450 differat
801 413 844 450 et
873 420 1087 462 praesens
1117 409 1163 451 in
1194 412 1369 464 tempus
1400 410 1588 452 omittat.

242 485 276 512 46
414 476 458 517 in
490 476 640 519 uerbis
670 477 802 519 etiam
833 477 982 520 tenuis
1014 481 1259 532 cautusque
1289 479 1489 521 serendis

243 554 276 580 45
357 543 440 586 hoc
471 548 601 595 amet,
632 544 715 588 hoc
747 550 926 599 spernat
957 547 1165 600 promissi
1195 548 1400 590 carminis
1432 550 1598 590 auctor.

359 612 520 655 dixeris
552 615 744 668 egregie,
775 617 929 657 notum
962 616 999 658 si
1031 615 1187 658 callida
1216 616 1401 658 uerbum

354 681 599 725 reddiderit
628 683 834 726 iunctura
864 696 1037 726 nouom.
1099 685 1137 727 si
1166 683 1282 727 forte
1313 684 1579 737 *necessest,

354 750 529 793 indiciis
561 756 809 794 monstrare
841 753 1092 796 recentibus
1122 754 1272 796 abdita
1300 766 1464 804 rerum,

240 828 274 854 ⁵⁰
355 818 527 873 fingere
558 821 764 863 cinctutis
795 833 883 863 non
915 821 1120 865 exaudita
1149 821 1355 877 Cethegis

355 888 583 942 continget
615 890 880 943 dabiturque
910 890 1085 933 licentia
1115 895 1290 945 sumpta
1320 891 1554 945 pudenter.

355 961 400 998 et
430 969 546 999 noua
575 956 766 1012 fictaque
796 971 937 1012 nuper
968 959 1195 1003 habebunt
1225 961 1362 1003 uerba
1392 959 1534 1012 fidem,
1566 960 1605 1002 si
1658 960 1661 963 ’

356 1024 524 1068 Graeco
554 1025 676 1069 fonte
707 1027 865 1070 cadent
895 1040 1025 1081 parce
1057 1029 1240 1072 detorta.
1301 1030 1406 1083 quid
1437 1033 1583 1072 autem

357 1094 544 1138 Caecilio
576 1096 823 1150 Plautoque
855 1098 975 1140 dabit
1008 1097 1234 1140 Romanus
1265 1099 1519 1152 ademptum

238 1209 343 1253 alius,
367 1208 433 1254 qui
456 1219 502 1243 ex
525 1207 751 1244 continuatis
774 1208 1052 1255 coniunctisque
1068 1213 1222 1245 constat.
1254 1221 1339 1255 ergo
1365 1213 1512 1246 utemur
1534 1211 1656 1248 uerbis
1671 1214 1738 1248 aut
1759 1211 1820 1256 iia,

237 1266 332 1301 quae
347 1255 495 1301 propria
510 1259 599 1290 sunt
615 1257 650 1289 et
666 1259 767 1289 certa
784 1255 889 1300 quasi
905 1255 1088 1290 uocabula
1110 1266 1242 1299 rerum,
1266 1267 1381 1302 paene
1395 1267 1472 1292 una
1487 1261 1577 1293 nata
1596 1269 1684 1294 cum
1706 1257 1816 1294 rebus

237 1301 339 1347 ipsis,
382 1304 448 1336 aut
482 1300 539 1344 iis,
575 1311 669 1346 quae
706 1300 983 1336 transferuntur
1017 1305 1054 1337 et
1089 1301 1194 1348 quasi
1228 1301 1348 1337 alieno
1387 1303 1426 1337 in
1458 1303 1539 1339 loco
1566 1303 1817 1349 conlocantur,

236 1351 302 1382 aut
325 1347 380 1388 iis,
405 1357 500 1392 quae
522 1356 703 1382 nouamus
728 1351 764 1381 et
788 1346 945 1382 facimus
975 1347 1046 1393 ipsi
1145 1348 1191 1383 42
1214 1347 1543 1384 ‘ordinis-—uenus’
1566 1352 1612 1387 T:
1637 1349 1692 1386 Po
1735 1349 1817 1397 hyr.

236 1393 282 1428 ad
307 1404 338 1429 c.
361 1393 381 1428 Ι
405 1393 462 1436 30,
486 1394 506 1428 7
555 1392 695 1428 ‘uenus’
722 1395 766 1429 T:
791 1392 922 1437 fragm.
947 1404 1101 1439 gramm.
1126 1393 1295 1429 Bobiens.
1321 1394 1399 1430 VH
1424 1396 1491 1431 543
1517 1395 1602 1431 Keil
1691 1360 1739 1434 {g
1807 1422 1817 1432 .

236 1442 281 1477 T:
307 1439 410 1475 Seru.
428 1438 477 1474 ad
493 1439 585 1474 Aen.
602 1449 761 1484 prooem.
832 1440 880 1474 45
895 1449 949 1485 sq.
966 1439 1013 1475 cf.
1027 1439 1103 1475 Cic.
1119 1443 1209 1475 orat.
1222 1439 1278 1483 24,
1294 1439 1357 1475 81:
1382 1440 1445 1476 ille
1467 1445 1543 1477 ten
1554 1441 1628 1477 uis
1652 1442 1791 1488 [orator
1809 1469 1819 1488 ,

236 1484 347 1521 modo
370 1484 419 1519 sit
442 1484 600 1531 elegans,
624 1495 691 1520 nec
713 1484 760 1519 in
784 1485 962 1520 iaciendis
986 1484 1143 1520 uerbis
1174 1486 1244 1521 erit
1275 1485 1398 1521 audax
1422 1490 1458 1522 et
1487 1491 1525 1522 in
1554 1487 1817 1524 transferendis

237 1530 466 1567 uerecundus
491 1537 527 1566 et
550 1541 682 1577 parcus
707 1530 743 1565 in
778 1531 907 1577 priscis
924 1531 938 1577 ss
954 1530 1051 1566 idem
1083 1531 1129 1567 de
1152 1536 1243 1567 orat.
1267 1531 1332 1567 III
1355 1532 1412 1574 43,
1437 1533 1506 1568 170
1572 1534 1620 1570 45
1641 1536 1687 1572 T:
1712 1532 1816 1571 Seru.

236 1577 283 1613 ad
315 1588 370 1623 ge.
394 1576 435 1611 II
471 1577 538 1613 475
570 1580 607 1612 et
638 1576 686 1611 ad
720 1577 810 1612 Aen.
836 1577 920 1612 1111
947 1576 1014 1612 412
1039 1581 1076 1612 et
1098 1579 1166 1612 415
1269 1579 1407 1614 47·51
1432 1582 1476 1616 T:
1501 1579 1612 1615 floril.
1636 1579 1816 1621 Nostrad.

235 1625 279 1660 47
304 1634 359 1669 sq.
383 1622 729 1658 ‘dixeris-nouum’
760 1626 804 1660 T:
836 1623 1011 1659 Priscian.
1035 1623 1121 1659 inst.
1148 1623 1290 1659 XVIII
1314 1623 1370 1668 12,
1395 1625 1473 1661 101.
1518 1623 1674 1661 historia
1695 1625 1817 1672 ponti-

237 1669 354 1705 ficalis
380 1669 423 1703 12
448 1670 560 1715 [mon.
586 1669 712 1705 Germ.
729 1668 796 1705 SS.
813 1668 893 1704 XX
919 1669 1000 1715 526]
1048 1671 1093 1707 S:
1113 1669 1213 1705 Pers.
1230 1671 1265 1713 5,
1287 1670 1349 1705 14:
1375 1671 1490 1706 uerba
1511 1675 1619 1718 togae
1641 1672 1817 1718 sequeris,
1874 1710 1877 1711 ⁷

235 1715 463 1750 iunctura
485 1715 694 1751 callidus
710 1715 785 1750 acri
802 1717 814 1760 ΙΙ
833 1715 988 1760 Dionys.
1006 1715 1128 1751 Halic.
1139 1716 1184 1751 de
1201 1716 1352 1773 comp.3
1366 1722 1476 1752 extr.:
1493 1717 1560 1752 οὐκ
1577 1717 1614 1752 ἓν
1629 1721 1680 1762 τῷ
1696 1717 1816 1753 κάλλει

235 1766 306 1795 τῶν
337 1761 519 1804 ὀνομάτων
550 1761 571 1806 ἠ
599 1761 715 1796 πειθὼ
750 1766 809 1806 τῆς
840 1761 1023 1806 ἑρμηνείας
1054 1761 1155 1803 ἐστίν,
1187 1761 1261 1797 ἀλλ’
1285 1776 1322 1797 εν
1351 1764 1496 1808 συζυγίᾳ
1563 1763 1612 1800 50
1632 1766 1676 1801 T:
1701 1763 1816 1804 schol.

234 1806 373 1842 Lucan.
390 1807 432 1841 II
449 1807 527 1843 543.
540 1808 650 1852 gloss.
667 1807 745 1842 Mai
757 1808 863 1842 class.
882 1811 979 1842 auct.
1003 1807 1101 1843 VIII
1121 1806 1190 1843 130
1239 1807 1436 1844 ‘cinctutis'
1450 1812 1494 1846 T:
1512 1809 1644 1855 fragm.
1659 1819 1814 1855 gramm.

235 1852 405 1888 Bobiens.
430 1853 511 1888 VII
534 1854 602 1888 543
626 1852 713 1888 Keil
781 1853 827 1889 52
850 1864 867 1888 s
898 1880 905 1887 .
929 1853 1179 1889 ‘et-detorta?
1203 1856 1247 1891 T:
1275 1854 1426 1890 Seruius
1451 1854 1622 1901 uolgatus
1652 1854 1698 1890 ad
1723 1855 1815 1891 Aen.

237 1898 293 1932 VI
318 1900 363 1933 34
433 1899 479 1934 54
503 1899 550 1934 cf.
575 1900 651 1935 Cic.
676 1898 722 1934 de
744 1899 813 1934 fin.
838 1899 878 1934 ΙΙ
924 1901 958 1942 4,
980 1900 1042 1935 15:
1067 1900 1099 1934 si
1122 1899 1264 1935 Zenoni
1286 1899 1412 1944 licuit,
1439 1912 1526 1935 cum
1549 1911 1627 1935 rem
1650 1899 1812 1946 aliquam

234 1944 433 2022 ilnuenisset
456 1944 685 1988 inusitatam,
717 1945 926 1980 inauditum
952 1957 1099 1991 quoque
1130 1945 1163 1981 ei
1186 1946 1237 1981 rei
1262 1957 1395 1981 nomen
1419 1945 1617 1991 imponere,
1648 1955 1714 1980 cur
1735 1955 1811 1982 non

249 1988 341 2024 iceat
366 1990 499 2025 Catoni
517 2017 524 2024 .
540 2017 547 2024 .
562 1991 597 2025 .?

343 2081 1260 2126 Q=B0FMRT76'(62)2'(wvaomuv
1354 2082 1402 2118 42
1425 2080 1581 2117 Ordines
1605 2095 1694 2126 ypr.
1741 2081 1811 2118 hec

233 2145 277 2175 M
325 2145 360 2176 et
391 2155 455 2177 om.
480 2142 519 2176 δι
579 2145 644 2176 aut
674 2145 755 2176 MR
772 2147 827 2188 Τγ
839 2143 860 2177 ὅ
871 2156 907 2186 p.
920 2157 989 2178 ras.
1003 2157 1060 2178 νπ
1073 2156 1094 2178 σ
1110 2157 1143 2177 m
1156 2154 1192 2178 22
1216 2146 1302 2188 Pph.
1329 2146 1512 2180 Pseudacr.
1576 2136 1674 2183 {aut
1700 2148 1729 2181 0
1740 2159 1771 2191 ’ψ
1789 2159 1810 2181 v

232 2235 334 2271 haud
357 2240 392 2271 B
407 2237 446 2272 δι
469 2251 496 2282 φ
517 2252 542 2272 u
554 2248 590 2272 21
654 2199 749 2275 -lsszaud
766 2239 785 2272 λ
835 2192 921 2273 haud
947 2241 1013 2273 luc
1029 2242 1104 2273 uid.
1189 2232 1236 2275 43
1260 2239 1316 2283 ut]
1342 2237 1422 2273 Aut
1445 2242 1494 2275 Fi
1511 2243 1555 2276 Tl
1570 2240 1621 2277 δί
1641 2241 1679 2276 λι
1697 2251 1742 2277 m
1769 2244 1809 2276 de

232 2332 515 2372 interpretatione
531 2333 612 2364 uide
630 2334 735 2365 Feam
770 2330 854 2375 dici]
881 2323 925 2365 d}
939 2346 985 2359 =
1001 2329 1091 2365 dicit
1114 2333 1147 2364 Β
1245 2330 1291 2365 44
1314 2285 1466 2376 Ρίξΐέξῗ
1482 2335 1515 2366 Β
1560 2342 1707 2378 presens
1729 2336 1811 2378 ytpl

232 2398 319 2419 mvz
367 2390 530 2432 tempore
553 2388 608 2430 δῇ,
632 2388 671 2422 δι
700 2396 786 2422 recte
833 2402 868 2422 u.
892 2387 938 2423 45
963 2388 1046 2432 (boc
1069 2390 1166 2422 amet
1182 2388 1265 2431 etc.)
1290 2396 1368 2422 ante
1392 2402 1426 2422 u.
1445 2389 1490 2424 46
1514 2389 1566 2431 (in
1590 2390 1711 2426 uerbis
1727 2393 1811 2434 etc.)

226 2451 365 2486 ponunt
390 2443 424 2478 Ω
491 2445 538 2479 45
562 2448 709 2490 spernet
725 2448 796 2480 BG
839 2447 987 2490 spernat
1011 2437 1083 2479 c'ett.
1101 2448 1283 2479 Pseudaor.
1353 2446 1398 2481 47
1416 2445 1564 2482 Dixerit
1578 2451 1612 2482 B
1643 2447 1760 2494 egreie
1777 2450 1807 2483 Ο

234 2500 389 2545 egregiae
423 2505 454 2535 Τ
573 2502 619 2537 48
651 2513 795 2538 necesse
826 2516 890 2537 om.
915 2505 970 2537 est
1006 2513 1047 2537 αι
1129 2512 1274 2538 necesse
1298 2513 1317 2537 e
1339 2505 1360 2537 e
1383 2515 1405 2537 σ
1473 2515 1619 2539 necesse
1649 2507 1704 2540 est
1735 2512 1807 2540 coa.

231 2557 278 2592 49
301 2556 450 2593 Inditiis
474 2572 496 2593 σ
512 2573 535 2593 ιι
592 2560 812 2605 monstrare]
838 2560 1040 2605 forma<re)
1068 2563 1155 2604 Pph.
1215 2559 1344 2594 addita
1366 2564 1422 2595 Ml
1486 2571 1608 2596 rerum
1639 2565 1673 2596 B
1693 2564 1809 2597 eoum

231 2618 313 2649 aliis
329 2619 410 2659 flor.
435 2619 550 2651 Nostr.
605 2627 727 2652 rerum
745 2620 780 2652 et
796 2621 919 2652 FMR
939 2616 1096 2662 Tydi'v
1109 2631 1136 2651 π
1151 2630 1301 2652 ovnuvz
1316 2617 1351 2663 ()
1377 2626 1475 2652 tract.
1495 2621 1596 2654 Vind.
1664 2618 1712 2654 50
1732 2617 1808 2654 cin·

232 2671 323 2707 tutis
346 2673 366 2706 7.
377 2688 436 2718 pr.
453 2688 478 2708 u
525 2674 694 2710 cinctatis
718 2688 752 2709 m
798 2675 887 2719 non]
906 2685 973 2710 nos
989 2679 1022 2709 B
1097 2675 1144 2710 51
1168 2674 1370 2720 prudenter
1386 2675 1425 2710 δι
1444 2686 1482 2710 vi
1501 2689 1521 2709 v
1591 2675 1638 2711 52
1660 2679 1750 2711 nota
1769 2678 1815 2710 Π

231 2730 421 2779 finctaque
443 2735 475 2766 R
543 2732 590 2768 53
614 2731 755 2768 Graeco
780 2736 846 2766 Βσ
862 2735 951 2776 Pph.
965 2735 1092 2776 Porph.
1142 2731 1260 2768 Greco
1286 2740 1359 2766 cett.
1408 2731 1542 2767 cadant
1569 2735 1676 2768 CaMi
1692 2746 1712 2778 γ
1727 2732 1770 2768 ὃς
1786 2746 1807 2767 ν

231 2837 329 2876 yloss.
356 2836 391 2868 Γ
411 2835 556 2870 Seruius
617 2834 749 2871 cadent
786 2843 858 2870 cett.
890 2839 978 2880 Pph.
1049 2836 1171 2880 parce]
1204 2794 1283 2870 iiidie
1315 2838 1349 2869 B
1446 2835 1493 2870 54-
1515 2834 1654 2871 cecilio
1676 2837 1803 2870 FMT

232 2891 251 2923 δ
274 2903 357 2925 corr.
382 2892 412 2925 λ’
431 2905 452 2926 σ
475 2906 507 2926 m
523 2907 548 2926 u
567 2907 585 2927 v
646 2893 747 2928 Celio
779 2893 798 2927 δ
821 2907 853 2927 a.
876 2907 962 2928 corr.
986 2904 1022 2928 ει
1109 2892 1222 2928 dabat
1245 2897 1288 2927 M
1344 2892 1448 2927 dabit
1479 2900 1551 2927 cett.
1577 2899 1673 2927 tract.
1705 2895 1806 2926 Vind.

231 2947 404 2991 adeptum
429 2953 462 2982 B
485 2952 513 2984 Ο
526 2963 559 2983 m
