1950 3236
209 184 296 228 230
707 180 905 217 HORATI
929 179 1298 219 EPISTVLARVM

324 311 484 362 uitabit
515 309 800 364 chlamydem,
830 309 1045 352 morietur
1073 309 1250 364 frigore,
1281 311 1319 354 si
1347 323 1436 354 non

323 379 548 422 rettuleris
578 390 788 432 pannum.
817 377 934 420 refer
964 383 1008 420 et
1039 379 1135 421 sine
1167 379 1292 422 uiuat
1319 379 1511 434 ineptus.

380 461 452 491 res
484 458 636 501 gerere
667 451 711 489 et
741 452 895 500 captos
925 447 1167 490 ostendere>
1189 448 1361 491 ciuibus
1392 448 1532 491 hostis

324 516 504 569 attingit
534 515 692 558 solium
725 515 849 558 Iouis
880 518 925 558 et
954 515 1161 559 caelestia
1191 519 1399 571 temptat:

208 596 242 622 ³⁵
327 585 602 640 principibus
633 584 853 638 placuisse
883 584 993 628 uiris
1022 597 1110 627 non
1143 585 1298 628 ultima
1327 585 1424 629 laus
1456 590 1537 629 est.

328 667 414 697 non
447 654 588 697 cuiuis
620 653 787 696 homini
818 654 1035 707 contingit
1063 654 1187 697 adire
1218 654 1493 698 Corinthum.

323 724 441 766 sedit
471 723 548 777 qui
580 723 739 775 timuit,
771 735 827 765 ne
857 735 945 765 non
978 723 1252 766 succederet:
1283 728 1392 767 esto.

325 793 463 846 quid?
493 793 568 846 qui
598 792 818 846 peruenit,
849 790 1011 834 fecitne
1042 792 1262 835 uiriliter?
1292 793 1415 847 atqui

321 861 393 903 hic
424 865 493 903 est
523 866 601 903 aut
632 873 865 915 nusquam,
897 861 1014 915 quod
1045 861 1316 915 quaerimus;
1348 862 1417 905 hic
1447 874 1560 905 onus
1591 862 1754 915 horret.

207 941 242 966 ⁴0
323 934 372 972 ut
403 930 555 984 paruis
586 930 746 972 animis
777 933 822 971 et
851 941 992 983 paruo
1022 942 1207 984 corpore
1238 931 1393 983 maius,

323 998 394 1041 hic
424 999 544 1041 subit
574 1002 618 1041 et
648 998 828 1052 perfert.
860 1002 939 1041 aut
969 999 1112 1042 uirtus
1143 1011 1303 1042 nomen
1333 1000 1464 1043 inane
1495 1004 1575 1050 est,

207 1115 254 1152 S:
279 1113 401 1149 Plaut.
426 1123 534 1148 merc.
559 1112 628 1148 ¹760
651 1123 704 1159 sq.
729 1112 793 1148 Ra
822 1123 954 1158 nempe
975 1123 1071 1148 uxor
1093 1112 1207 1148 rurist
1230 1116 1307 1153 tua,
1339 1123 1451 1159 quam
1474 1112 1616 1148 dudum
1641 1112 1785 1150 dixem-

207 1160 329 1195 odisse
360 1164 397 1194 te
427 1169 542 1205 aeque
567 1163 678 1205 atque
706 1159 876 1203 anguis
904 1159 918 1203 ΙΙ
946 1158 1023 1194 Cic.
1047 1159 1094 1194 ad
1127 1159 1215 1194 fam.
1241 1158 1320 1194 VII
1351 1160 1385 1202 2,
1415 1161 1457 1194 3:
1489 1159 1638 1195 oderam
1671 1160 1788 1195 mult-o

209 1206 341 1252 peius
364 1205 465 1239 hunc
492 1215 604 1250 quam
618 1231 627 1239 .
641 1230 650 1239 .
664 1231 673 1239 .
688 1204 861 1240 Clodium
889 1204 895 1250 Ι
918 1204 1093 1250 Pheophr.
1118 1205 1217 1240 char.
1233 1207 1264 1248 l,
1281 1206 1300 1240 7
1320 1204 1441 1240 Diels:
1473 1205 1786 1250 φυλάττεσθαι

207 1251 381 1295 μᾶλλον
405 1251 461 1285 ὂεΐ
480 1250 503 1296 ἢ
528 1249 632 1289 τοὺς
656 1250 780 1295 ἔχεις
919 1262 972 1297 sq.
996 1252 1042 1289 S:
1070 1250 1236 1286 Laetam.
1261 1252 1349 1286 inst.
1375 1250 1393 1285 1
1423 1250 1482 1286 18:
1506 1251 1538 1286 si
1565 1252 1648 1297 quis
1671 1262 1788 1286 unum

207 1297 440 1332 hominem
464 1296 761 1341 iugulauerit
786 1296 848 1341 (cf.
872 1298 978 1342 epist.
1003 1296 1021 1331 Ι
1046 1297 1080 1339 2,
1104 1295 1175 1342 32),
1206 1308 1274 1343 pro
1297 1298 1551 1332 contaminato
1581 1307 1625 1332 ac
1647 1297 1788 1333 nefario

206 1343 364 1379 habetur
387 1369 396 1378 .
421 1369 431 1378 .
456 1369 464 1377 .
489 1342 552 1378 ills
574 1348 710 1383 autem,
733 1342 797 1388 qui
822 1342 971 1377 infinita
993 1341 1185 1378 hominum
1213 1343 1316 1378 milia
1338 1342 1594 1386 trucidantem,
1623 1353 1790 1379 cruore

208 1399 357 1435 campos
381 1389 632 1432 inundauerit,
656 1387 860 1423 flumina
882 1388 1108 1424 infecerit
1131 1388 1193 1432 (cf.
1217 1400 1248 1425 c.
1266 1389 1325 1424 ΠΙ
1354 1387 1388 1427 6.
1413 1391 1484 1431 34),
1517 1399 1589 1425 non
1613 1388 1726 1425 modo
1747 1388 1789 1424 in

207 1435 399 1480 templum,
423 1435 486 1470 sed
511 1434 621 1469 etiam
646 1434 682 1468 in
708 1433 887 1470 caelum
912 1434 1202 1470 admittitur.
1249 1435 1349 1480 apud
1367 1434 1532 1470 Enmum
1550 1435 1604 1471 sie
1626 1434 1790 1481 loquitur

208 1481 424 1516 Africanus:
459 1482 491 1516 si
524 1479 580 1515 fas
602 1479 708 1523 *endo
739 1480 864 1526 plagas
894 1480 1094 1516 caelestum
1125 1480 1320 1516 ascendere
1349 1482 1522 1527 cuiquam
1546 1485 1614 1523 est,
1645 1481 1696 1516 mi
1720 1480 1790 1517 soli

206 1527 294 1563 caeli
321 1527 484 1562 maxima
506 1530 612 1572 porta
636 1530 737 1572 patet
802 1526 848 1563 33
870 1526 918 1562 of.
940 1526 1095 1562 varron.
1120 1527 1143 1562 1.
1164 1526 1203 1562 L.
1223 1527 1255 1563 V
1272 1527 1314 1563 8:
1346 1527 1544 1573 imperator
1566 1527 1628 1572 qui
1654 1526 1791 1562 dicitur

210 1584 415 1626 res-gerere
506 1572 554 1609 35
577 1574 622 1610 Te
647 1572 756 1607 floril.
778 1571 896 1625 l’aris.
920 1572 1048 1626 88133·
1090 1573 1136 1610 S:
1161 1573 1234 1609 Ou.
1258 1584 1303 1608 ex
1330 1572 1437 1608 Pont.
1456 1571 1539 1607 1111
1556 1571 1590 1612 8,
1607 1571 1671 1626 44:
1696 1571 1790 1626 (nee)

208 1629 417 1706 l’1'1¹1¹¹8⁰‚¹l’2¹
430 1619 842 1710 gssa‘tfissffmssssssffissgss
856 1618 1048 1700 3331,ssssss
1058 1620 1107 1699 ‘31¹2'
1124 1618 1527 1700 (ξξῐῃὶὲἶὲῖιέἓὲῗὲηῗῖέ
1552 1617 1791 1718 υῗ“ἒὸῃί“ἐέξὲ

209 1711 405 1757 pulchrum
431 1717 486 1745 est.
502 1710 517 1756 n
535 1710 615 1745 Liu.
640 1709 759 1745 XXX
783 1711 839 1751 30,
864 1710 907 1745 4:
938 1710 1006 1746 tibi
1031 1721 1179 1757 quoque
1201 1711 1298 1746 inter
1320 1710 1440 1746 multa
1471 1710 1614 1756 egregia
1645 1721 1720 1746 non
1750 1721 1790 1745 m
1859 1715 1862 1718 ’

209 1757 395 1792 ultimis
428 1756 617 1791 laudum
649 1756 720 1791 hoc
752 1756 864 1791 fuerit
961 1756 1010 1793 36
1041 1759 1086 1795 S:
1119 1757 1249 1793 Sotion
1273 1768 1331 1803 ap.
1355 1757 1450 1793 Gell.
1475 1756 1492 1791 1
1515 1755 1558 1791 8:
1589 1755 1633 1791 οὗ
1663 1754 1791 1796 παντὸς

209 1802 335 1847 ἀνδρὸς
359 1803 394 1841 ἐς
419 1802 596 1847 Κόρινθόν
627 1802 704 1837 ἐσθ’
728 1803 749 1836 ὁ
770 1802 879 1841 πλοῦς
896 1803 910 1846 11
929 1801 1106 1838 Nicolaus
1130 1814 1188 1849 ap.
1214 1802 1318 1838 Stob.
1343 1802 1362 1837 Ι
1388 1814 1422 1849 p.
1446 1802 1515 1838 273
1537 1801 1723 1838 Tam-hm:
1744 1799 1788 1837 οὗ

206 1847 333 1886 παντὸς
357 1848 484 1892 ἀνδρὸς
508 1848 563 1882 ἐπὶ
587 1847 760 1892 τράπεζάν
782 1848 860 1883 ἔσθ’
884 1848 906 1882 ὖ
929 1848 1037 1887 πλοῦς
1053 1848 1068 1894 ΙΙ
1087 1848 1255 1894 prouerb.
1280 1848 1373 1884 illud
1398 1849 1509 1884 etiam
1532 1859 1556 1883 a
1579 1847 1712 1893 Chrysi
1741 1856 1789 1892 po

209 1900 454 1929 memoratum
491 1905 569 1929 esse
601 1895 728 1929 docuit
763 1894 894 1939 Miller,
930 1895 1116 1940 melanges
1139 1895 1185 1930 de
1208 1894 1415 1930 litterature
1438 1894 1607 1939 Grecque
1629 1893 1647 1928 1
1672 1891 1694 1928 3
1764 1890 1786 1938 ss

207 1939 319 1974 ‘haud
345 1939 474 1974 cuiuis’
498 1941 534 1974 in
562 1940 712 1974 exordio
735 1939 881 1975 hexam.
908 1939 1007 1975 Pers·
1030 1940 1065 1981 2,
1089 1941 1112 1976 6
1194 1942 1240 1977 37
1265 1940 1376 1986 sedit]
1401 1940 1448 1975 cf.
1473 1939 1610 1974 Donat.
1634 1937 1681 1973 ad
1703 1936 1786 1972 Ter.

207 1984 266 2020 ad.
283 1985 367 2020 1111
386 1987 419 2027 5,
436 1984 481 2020 38
497 1985 610 2027 (672):
637 1986 780 2026 Sedere,
806 1997 927 2031 propr.
952 1986 1121 2031 ignauiae
1144 1991 1181 2022 et
1203 1985 1417 2022 cessationis
1492 1984 1541 2021 39
1562 1985 1608 2022 S:
1637 1984 1733 2019 Pers.
1752 1983 1786 2026 ὅ,

209 2032 276 2066 174
295 2042 367 2077 sq.:
393 2030 467 2065 hic
491 2031 566 2066 hie
590 2042 721 2077 quem
739 2031 924 2077 (anuod)
947 2033 1237 2077 quaerimus,
1262 2031 1339 2066 hic
1363 2033 1451 2074 est,
1475 2030 1612 2065 nonin
1630 2028 1786 2072 festuca,

209 2077 316 2112 lictor
339 2087 447 2122 quam
473 2078 589 2112 iactat
612 2081 804 2122 ineptus
827 2083 878 2121 (u.
902 2076 962 2121 32)
1032 2079 1077 2112 41
1100 2079 1149 2115 S:
1175 2077 1246 2113 Ou.
1270 2088 1303 2112 a.
1327 2087 1359 2111 a.
1383 2075 1405 2110 I
1429 2076 1515 2111 740:
1539 2085 1672 2110 nomen
1696 2073 1785 2109 ami-

325 2169 459 2203 Q=A
477 2167 722 2213 EFMRyz'
740 2181 760 2203 ν
778 2181 981 2212 noymvz
1043 2168 1089 2204 31
1114 2167 1260 2203 Vitabit
1281 2167 1469 2203 A2EF2'
1488 2180 1522 2202 m
1541 2182 1560 2202 v
1578 2170 1786 2212 zPPhfflor.

208 2229 322 2261 Nostr.
340 2229 516 2260 Prisciani
532 2229 603 2260 cod.
623 2228 778 2260 Palatin.
832 2229 868 2260 U
870 2224 981 2260 mabit
1002 2239 1029 2259 π
1077 2225 1224 2260 Vitauit
1246 2229 1297 2260 Al
1320 2228 1361 2259 M
1372 2228 1403 2259 R
1417 2239 1437 2270 γ
1452 2238 1472 2259 ν
1484 2237 1506 2260 σ
1520 2238 1541 2269 9
1589 2224 1746 2260 Vitabat
1769 2228 1787 2259 b

209 2287 413 2318 Priscianus
458 2281 693 2327 chlamydem
717 2285 750 2317 R
765 2295 852 2317 corr.
899 2281 1120 2318 chlamidem
1144 2286 1175 2317 Α
1190 2285 1415 2326 ERpr.flor.
1429 2285 1544 2317 Nostr.
1593 2281 1787 2317 clamidem

210 2348 283 2376 cett.
352 2340 399 2377 32
422 2339 622 2375 Rettuleris
648 2343 778 2374 Ecorr.
793 2339 853 2373 FZ
870 2353 940 2374 nm
987 2339 1207 2375 Redduleris
1229 2343 1324 2383 E'pr.
1378 2339 1563 2375 Retuleris
1587 2342 1790 2384 AMRyrs

208 2446 488 2488 gaslei-,Noeta
552 2396 736 2477 iuguletis
760 2457 779 2477 v
844 2442 957 2478 refert
979 2446 1030 2478 El
1081 2443 1160 2478 sine
1183 2443 1302 2488 uiuat]
1329 2442 1359 2476 si
1380 2445 1491 2477 nutat
1513 2455 1535 2477 σ
1601 2441 1650 2479 33
1671 2441 1788 2477 hosti·

210 2504 261 2536 Al
274 2504 427 2546 MRym
442 2513 530 2535 omz
577 2499 701 2535 hostes
726 2505 777 2535 ΑΒ
797 2504 833 2535 Ε
845 2500 922 2535 Εἴ
939 2514 959 2535 ν
973 2510 1019 2536 πε
1035 2514 1055 2544 9
1068 2504 1171 2544 vflor.
1184 2503 1298 2535 Νοειν.
1390 2499 1438 2536 34
1461 2499 1635 2545 Adtiugit
1657 2498 1788 2544 szr.

210 2559 373 2604 Attingit
397 2566 469 2594 cett.
482 2562 564 2603 flor.
580 2562 695 2593 Nostr.
736 2558 882 2593 celestia
898 2561 981 2592 ΕΜ
983 2558 1074 2602 ,lym
1113 2557 1262 2603 templa,
1277 2571 1355 2592 παν.
1388 2560 1547 2603 temptat
1563 2560 1597 2592 Ε
1639 2559 1757 2603 teptat
1769 2554 1788 2590 2

208 2616 256 2652 36
281 2616 314 2651 Ν
317 2627 359 2651 ec
380 2626 420 2652 vl
446 2624 507 2650 aut
511 2629 569 2660 pr.
578 2621 752 2660 itemquev
777 2628 942 2650 uar.cum
950 2619 1063 2650 Basa.
1076 2614 1095 2650 I
1111 2628 1278 2659 superscr.
1297 2625 1352 2650 al.
1368 2628 1411 2649 m.
1424 2615 1478 2650 {13
1522 2615 1611 2649 Non'
1627 2627 1655 2648 π
1703 2612 1787 2657 Non

211 2667 283 2707 σαί.
301 2677 388 2718 Pph.
435 2673 527 2709 ciuis
549 2684 593 2708 πι
645 2673 744 2708 uiuis
761 2677 811 2709 Ει
861 2673 1056 2708 hominum
1076 2678 1125 2708 Aa
1139 2676 1221 2717 flor.
1237 2675 1352 2707 Nom.
1400 2671 1561 2707 hominis
1580 2685 1599 2705 v
1646 2668 1788 2706 homini

211 2739 284 2765 cett.
331 2730 568 2766 chorinthum
595 2745 623 2775 φ
708 2731 752 2767 37
778 2730 984 2766 succederit
1008 2734 1058 2765 121
1109 2730 1325 2766 succuderet
1348 2733 1398 2765 El
1458 2733 1536 2764 esto
1553 2729 1588 2764 Ω
1612 2729 1669 2774 (πε
1693 2727 1788 2774 Qsto)

203 2790 284 2830 flor.
308 2791 423 2823 Nostr.
514 2788 561 2825 38
586 2790 792 2834 peruenerit
814 2792 893 2823 Fa.
910 2801 980 2822 ras.
997 2787 1029 2822 λ’
1045 2801 1072 2822 π
1087 2802 1104 2822 z
1118 2801 1229 2822 amas.
1276 2787 1405 2832 atquin
1429 2800 1450 2821 υ
1497 2785 1599 2832 atqui
1624 2792 1696 2820 cett.
1704 2786 1786 2828 flor.

212 2846 325 2878 Nostr.
417 2845 466 2882 39
495 2846 683 2892 querimus
713 2850 756 2881 M
767 2849 801 2880 R
818 2859 838 2891 y
853 2845 873 2880 λ
889 2859 918 2890 φ
935 2858 969 2880 m
984 2859 1004 2880 υ
1023 2859 1041 2878 z
1110 2841 1232 2880 ho'nus
1267 2848 1299 2879 A
1316 2858 1336 2890 y
1351 2857 1371 2878 ν
1389 2858 1422 2878 a.
1442 2857 1512 2878 ras.
1527 2857 1555 2877 π
1570 2846 1650 2887 flor.
1671 2843 1786 2876 Noetr.

213 2936 329 2967 honus
353 2938 385 2969 R
430 2946 524 2971 onus
549 2945 622 2971 cett.
648 2940 734 2981 Pph.
782 2944 870 2972 orr&
893 2950 921 2980 φ
1019 2936 1068 2972 40
1091 2894 1142 2971 ἔτ
1163 2950 1181 2970 2
1228 2935 1347 2971 mauis
1371 2938 1420 2969 ΕΙ
1516 2935 1561 2969 41
1586 2931 1733 2976 subillst
1756 2935 1789 2966 Β

213 2990 357 3035 profert
380 3003 414 3025 m
