1950 3236
251 155 336 197 224
746 151 947 187 HORATI
971 150 1337 187 EPISTVLARVM

247 293 280 318 ³5
363 281 505 335 epone,
537 291 682 322 meum
715 279 796 321 est³
826 279 992 333 inquit:
1025 291 1141 332 pono
1173 280 1401 334 tristisque
1430 281 1605 323 recedo.

421 350 535 392 idem
569 349 607 390 si
638 348 798 390 clamet
826 347 984 399 furem,
1016 353 1148 401 neget
1180 360 1279 391 esse
1309 349 1531 402 pudicum,

364 417 602 461 contendat
632 416 790 471 laqueo
821 416 981 459 collum
1014 417 1232 470 pressisse
1261 421 1508 471 paternum,

364 487 568 529 mordear
599 486 851 540 obprobriis
882 485 1007 529 falsis
1037 492 1293 540 mutemque
1323 487 1524 529 colores?

363 555 502 598 falsus
533 555 674 597 honor
703 555 828 597 iuuat
859 560 902 597 et
933 545 1119 598 mendax
1147 555 1328 598 infamia
1360 560 1498 599 terret

250 635 285 661 ιο
366 636 494 678 quem
511 624 598 666 nisi
614 624 874 667 mendosum
892 627 938 666 et
952 624 1254 667 medicandum
1267 625 1288 667 Ῥ
1313 625 1379 667 uir
1395 625 1540 667 bonus
1561 628 1630 667 est
1649 625 1778 679 quis?

422 692 513 746 equi
543 693 744 735 consulta
773 696 963 747 patrum,
996 693 1071 747 qui
1100 693 1221 747 leges
1251 694 1436 747 iuraque
1467 698 1629 746 seruat,

363 774 450 815 quo
481 761 647 804 multae
678 774 952 816 magnaeque
984 767 1191 805 secantur
1220 763 1364 805 iudice
1395 763 1511 813 lites,

362 843 449 884 quo
482 829 581 874 *res
613 843 828 885 sponsore
859 836 903 874 et
933 844 1020 886 quo
1052 843 1210 875 causae
1239 836 1355 874 teste
1388 831 1627 875 tenentur.³

363 900 449 942 sed·
471 900 594 943 uidet
623 900 739 943 hunc
769 902 913 944 omnis
945 901 1103 944 domus
1134 904 1178 943 et
1208 901 1369 944 uicinia
1399 905 1492 944 tota

246 980 279 1005 45
360 969 601 1011 introrsum
635 974 822 1023 turpem,
855 971 1102 1024 speciosum
1135 970 1249 1024 pelle
1281 970 1451 1012 decora.

360 1035 454 1080 ‘nec
484 1037 651 1080 furtum
683 1038 767 1081 feci
796 1051 877 1081 nec
906 1036 1015 1093 fugi’
1046 1040 1084 1082 si
1115 1039 1221 1081 mihi
1251 1039 1366 1081 dicat

362 1119 539 1149 seruos:
569 1107 721 1149 ‘habes
752 1109 954 1161 pretium,
985 1108 1091 1151 loris
1122 1121 1209 1151 non
1243 1106 1399 1150 ureris’
1431 1108 1514 1150 aio.

358 1207 406 1243 35
437 1209 482 1245 S:
515 1206 661 1243 Lucret.
693 1207 757 1242 111
792 1207 975 1244 993-995
1012 1209 1072 1244 B.:
1115 1208 1297 1255 Sisyphus
1334 1209 1371 1243 in
1416 1209 1495 1244 uita
1535 1218 1682 1262 quoque
1715 1208 1823 1258 nobis

245 1258 331 1288 ante
353 1252 479 1288 oculos
507 1258 573 1295 est,
604 1254 669 1299 qui
698 1258 821 1300 petere
842 1265 865 1290 a
887 1255 1026 1300 populo
1061 1255 1177 1290 fasces
1208 1265 1410 1301 saeuasque
1441 1265 1585 1291 secures
1615 1253 1763 1291 imbibit
1785 1257 1823 1290 et

245 1309 387 1345 semper
411 1299 532 1334 uictus
557 1299 815 1346 tristisque
838 1301 1025 1336 recedit
1069 1300 1664 1338 36—79rzf10ril.Nostrad.
1709 1300 1758 1338 88
1778 1301 1822 1340 8:

246 1345 317 1380 Ou.
334 1344 428 1380 trist.
446 1344 531 1380 1111
551 1345 606 1389 10,
633 1343 698 1380 123
715 1357 788 1392 sq.:
814 1357 882 1382 nec
897 1347 960 1393 qui
977 1347 1158 1382 detractat
1181 1347 1396 1395 praesentia,
1419 1347 1547 1382 liuor
1561 1347 1690 1394 iniquo
1706 1346 1825 1382 ullum

245 1390 291 1425 de
314 1390 450 1427 nostris
475 1390 619 1427 dente
652 1392 908 1428 momordit
936 1403 1029 1438 opus
1054 1393 1068 1440 ΙΙ
1094 1393 1219 1429 Aurel.
1243 1392 1343 1429 Viot.
1367 1393 1495 1429 Nerua
1519 1392 1576 1438 12,
1599 1395 1640 1430 5:
1673 1392 1824 1444 perinde

244 1436 455 1482 trepidauit,
487 1444 530 1472 ut
553 1441 735 1474 mutato
759 1438 915 1475 colore
939 1439 1067 1475 uerbis
1086 1439 1195 1475 amici
1218 1440 1284 1474 uix
1307 1440 1522 1474 consisteret
1537 1439 1552 1486 ΙΙ
1570 1439 1689 1475 Plaut.
1713 1449 1820 1474 merc.

243 1482 328 1518 368:
365 1482 455 1529 quid
490 1487 555 1524 est,
593 1483 660 1518 tibi
698 1483 798 1531 quod
841 1489 1183 1520 commutatust
1215 1485 1372 1520 color?
1417 1485 1431 1531 ΙΙ
1474 1484 1584 1531 Prop.
1617 1485 1638 1520 Ι
1670 1485 1726 1528 15,
1756 1484 1821 1520 39:

271 1530 327 1564 uis
350 1532 388 1564 te
411 1529 565 1574 cogebat
587 1529 764 1566 multos
813 1530 926 1566 allere
947 1531 1154 1568 colores?
1224 1531 1271 1568 43
1294 1533 1339 1570 S:
1364 1530 1439 1567 Cic.
1456 1541 1523 1578 pro
1541 1531 1699 1567 Caecina
1721 1529 1756 1574 2,
1779 1531 1821 1566 4:

261 1574 351 1610 aene
372 1574 641 1610 honestissimis
673 1577 789 1612 testi
831 1587 883 1612 us
914 1577 964 1612 in,
986 1589 1026 1613 re
1048 1577 1241 1624 perspicua
1266 1580 1544 1612 tenerentur
1628 1577 1675 1613 44
1698 1587 1752 1624 sq.
1775 1578 1820 1616 8:

247 1620 339 1656 Plat.
372 1621 418 1656 de
450 1632 524 1678 rep.
557 1621 597 1656 Π
630 1622 653 1657 8
683 1633 719 1668 p.
742 1621 810 1658 365
843 1622 892 1658 C:
923 1623 1055 1658 οὐκοῦν
1086 1621 1204 1668 ἐπειδὴ
1229 1622 1268 1657 τὸ
1300 1623 1429 1665 δοκεῖν,
1462 1623 1512 1662 ὥς
1536 1623 1685 1668 δηλοῦσί
1702 1636 1764 1668 μοι
1787 1623 1825 1658 οἱ

244 1668 361 1712 σοφοί,
384 1667 446 1702 καὶ
470 1681 530 1702 ταν
554 1667 722 1703 ἀλάθειαν
743 1669 859 1714 βιᾶται
883 1669 944 1703 καὶ
967 1669 1092 1714 κύριον
1115 1669 1348 1713 εὐδαιμονίας,
1372 1669 1427 1703 ἐπὶ
1451 1673 1552 1704 τοῦτο
1584 1668 1629 1714 δὴ
1661 1668 1821 1714 τρεπτέον

242 1713 352 1751 ὅλως·
376 1713 542 1758 πρόθυρα
564 1713 629 1758 μὲν
652 1713 713 1748 καὶ
737 1719 854 1760 σχῆμα
878 1715 1004 1759 κύκλῳ
1026 1715 1106 1758 περὶ
1131 1714 1280 1760 ἐμαυτὸν
1304 1715 1541 1760 σκιαγραφίαν
1571 1715 1696 1760 ἀρετῆς
1725 1727 1822 1759 περι-

243 1758 421 1803 γραπτέον,
438 1758 500 1804 τὴν
515 1758 554 1794 δὲ
569 1764 629 1794 τοῦ
647 1760 855 1805 σοφωτάτου
869 1760 1073 1806 Ἀρχιλόχου
1090 1760 1258 1796 ἀλώπεκα
1274 1760 1413 1796 ἑλκτέον
1430 1760 1614 1802 ἐξόπισθεν
1629 1759 1822 1806 κερδαλέαν

243 1805 303 1838 καὶ
326 1805 489 1849 ποικίλην
557 1806 604 1841 45
621 1807 665 1844 S:
699 1808 782 1841 sen.
807 1805 852 1841 de
867 1806 943 1842 vita
962 1807 1069 1842 beata
1091 1806 1126 1850 2,
1148 1806 1190 1841 4:
1216 1806 1305 1842 foris
1329 1807 1459 1851 nitent,
1483 1807 1666 1843 introrsus
1691 1807 1822 1842 misera

243 1855 331 1884 suut
355 1850 370 1896 ΙΙ
389 1851 485 1886 Pers.
504 1852 537 1894 4,
555 1852 619 1886 14:
643 1863 788 1887 summa
812 1853 1036 1899 nequiquam
1060 1852 1186 1899 pelle
1211 1852 1409 1888 decorus

355 1941 402 1977 35
441 1946 857 1979 REDITCODEXM
920 1943 1614 1989 Q=AEFMR77Jvnoqmv2
1691 1941 1820 1989 inquid

243 2003 273 2032 A
288 2002 338 2034 Ei
355 2010 392 2043 γι
411 2010 457 2043 <pr
509 2000 650 2045 recedo]
674 2011 811 2046 repono
835 2005 870 2036 Ε
879 2015 936 2046 pr.
1000 2002 1045 2038 37
1071 2001 1207 2048 pssisse
1229 2006 1273 2036 M
1280 2014 1301 2036 σ
1357 2002 1405 2038 38
1429 2001 1600 2037 Mordeor
1621 2013 1644 2036 σ
1687 2009 1820 2046 oppro-

243 2055 330 2090 briis
362 2060 392 2090 A
409 2060 441 2091 R
459 2070 477 2091 v
493 2061 575 2100 flor.
598 2061 713 2092 Nostr.
791 2058 956 2105 opppriis
988 2063 1024 2093 Ε
1045 2062 1088 2094 M
1166 2059 1371 2114 obprobriis
1403 2062 1439 2092 F
1457 2072 1477 2102 γ
1500 2057 1531 2092 λ’
1557 2071 1578 2092 ν
1595 2071 1622 2092 π
1645 2070 1666 2092 σ
1693 2070 1715 2100 y
1739 2070 1773 2092 m
1798 2070 1816 2091 z

242 2115 474 2193 mntemqueA
541 2149 672 2184 coloris
695 2163 722 2183 π
791 2149 930 2185 colores
961 2158 1034 2184 cett.
1059 2153 1162 2184 schol.
1187 2153 1223 2184 E
1237 2152 1316 2193 flor.
1342 2152 1456 2183 Nom.
1524 2147 1680 2184 colorem
1713 2151 1817 2183 schol.

1378 2209 1394 2229 6

242 2252 262 2283 γ
280 2252 347 2282 pro
372 2244 659 2284 interpretatione
751 2240 798 2277 39
821 2239 952 2275 medax
977 2244 1008 2274 A
1101 2240 1149 2276 40
1170 2233 1223 2275 Ni
1247 2245 1318 2286 que-3
1343 2239 1527 2276 mundosfi
1555 2243 1585 2275 dc
1608 2240 1760 2275 ffidicum
1785 2243 1821 2274 Ε

242 2296 502 2332 medicandum
527 2301 575 2332 El
598 2297 692 2342 Εγλ
704 2311 730 2331 π
738 2311 777 2342 p.
795 2311 864 2332 ras.
881 2301 966 2343 Pph.
985 2311 1075 2333 cons.
1093 2301 1220 2342 Porpk.
1269 2297 1554 2333 mendicandum
1571 2308 1611 2342 9²
1624 2298 1670 2342 (Ρ)
1686 2301 1717 2333 ll
1739 2310 1767 2331 π
1784 2310 1816 2331 a.

242 2367 311 2388 ras.
375 2353 582 2389 mendacem
605 2358 637 2389 A
700 2354 911 2390 mendacem
939 2358 990 2390 ΕΒ
1019 2368 1095 2389 uar.
1116 2359 1159 2389 M
1178 2365 1217 2400 72
1243 2368 1321 2390 uar.
1353 2369 1373 2390 ν
1389 2368 1453 2400 σψ
1472 2369 1550 2389 uar.
1569 2365 1610 2400 92
1639 2358 1671 2390 lz
1699 2368 1716 2388 2
1734 2357 1816 2399 flor.

241 2460 358 2493 Nostr.
403 2460 605 2492 mendacem
629 2458 732 2504 ΓΖΝ]
754 2461 787 2492 R
826 2457 1034 2493 mendicum
1047 2459 1220 2503 A1(?)E2
1232 2414 1664 2504 91(7)ηιΐιέιῗί]ιὲααὲἓὲἳ
1711 2457 1817 2505 quiq?

240 2515 286 2549 41
309 2518 443 2550 saeruat
467 2518 497 2549 A
545 2515 683 2550 seruiat
705 2519 738 2550 R
753 2529 786 2550 a.
805 2529 874 2550 ras.
921 2529 957 2550 u.
978 2514 1021 2550 42
1039 2529 1102 2550 om.
1121 2529 1140 2560 y
1151 2529 1223 2559 pr„
1241 2518 1322 2550 add.
1341 2520 1382 2550 in
1403 2529 1511 2560 marg.
1580 2515 1627 2551 42
1649 2520 1818 2550 serantur

241 2581 279 2615 γι
295 2581 336 2616 92
386 2576 587 2618 sequantur
609 2575 642 2607 R
687 2583 749 2619 seq
772 2577 905 2608 cantur
927 2586 953 2607 π
969 2587 1002 2607 α.
1020 2586 1088 2607 ras.
1138 2571 1258 2619 iudice
1281 2576 1336 2607 M·
1386 2572 1433 2609 43
1455 2582 1670 2618 responsore
1693 2571 1728 2607 Ω
1733 2574 1815 2616 flor.

240 2666 355 2698 Noscr.
379 2668 452 2699 nisi
475 2667 566 2708 quod
619 2632 794 2711 resploffssee
817 2668 848 2699 A
910 2675 1143 2710 ressponsore
1165 2666 1310 2709 y(t)()‚·
1329 2668 1415 2708 sort.
1435 2666 1582 2709 Oruquii
1597 2667 1711 2708 ἱρεῖαι
1728 2666 1816 2698 bona

242 2724 445 2763 emendatio,
464 2726 538 2756 uid.
554 2725 692 2767 Epiley.
761 2723 807 2757 44
826 2722 890 2758 Set
904 2736 924 2767 y
933 2735 991 2767 pr.
1026 2721 1064 2765 S,
1076 2725 1112 2757 Ε
1156 2721 1228 2757 Sed
1241 2725 1413 2766 vead-bh.
1414 2725 1494 2765 flor.
1504 2724 1620 2756 Noetr.
1688 2720 1738 2756 46
1751 2718 1815 2754 In·

240 2779 405 2813 trorsum
430 2782 482 2814 As
493 2783 530 2813 E
536 2783 577 2814 M
579 2793 626 2825 γν
638 2783 726 2824 <1912
739 2784 778 2815 in
786 2794 894 2825 marq.
907 2794 926 2815 v
982 2779 1172 2815 Introrsus
1196 2782 1247 2815 Rs
1261 2792 1288 2814 π
1303 2782 1422 2822 mflor.
1435 2782 1550 2814 Nostr.
1598 2777 1814 2824 Inprorsum

241 2836 291 2868 Rl
342 2835 387 2869 In
411 2842 543 2882 prorsfi
561 2843 612 2872 Al
664 2837 779 2873 Hunc
801 2848 952 2883 prorsus
978 2836 1054 2872 Fz'
1102 2837 1258 2872 Prorsus
1282 2850 1300 2870 κ
1347 2836 1518 2872 Introrsu
1533 2835 1634 2871 hunc
1656 2838 1816 2870 zuar-An

243 2902 350 2934 πιανρ.
421 2894 587 2938 spetiosu
612 2898 643 2929 A
660 2909 678 2928 z
769 2895 816 2931 46
847 2894 919 2941 feci
949 2908 969 2939 γ
1039 2893 1130 2930 dicit
1152 2897 1186 2930 R
1203 2908 1224 2929 ν
1246 2907 1273 2929 π
1295 2908 1312 2928 z
1381 2893 1480 2929 dicat
1505 2900 1578 2929 cett.
1594 2895 1674 2936 flor.
1699 2894 1813 2929 Nom.

241 2946 285 2981 47
311 2946 444 2983 Seruos
468 2953 518 2984 Ri
571 2950 707 2986 Seruus
732 2959 805 2986 cett.
852 2951 1016 2998 precium
1043 2950 1196 2997 (p—cium)
1221 2954 1300 2986 ΑΕ
1308 2954 1350 2986 Μ
1355 2951 1473 2995 λσρυ
1630 2959 1634 2962 ’
