1962 3230
703 476 1140 533 PRAEFATIO.

241 641 395 681 Horati
425 640 613 680 carmina
645 651 754 678 anno
788 639 899 678 1900
928 639 1080 678 iterum
1111 652 1136 678 a
1165 640 1287 679 nobis
1313 639 1430 679 edita
1449 644 1546 692 post
1567 641 1622 680 25
1644 654 1715 680 an-

126 712 274 740 norum
303 711 460 739 moram
490 710 601 737 nunc
631 697 797 736 demum
827 697 1018 747 sequitur
1047 709 1284 737 sermonum
1314 697 1588 750 epistularum
1609 699 1716 738 artis

126 758 317 810 poeticae
361 756 496 796 altera
536 755 738 795 recensio.
808 757 857 793 ut
900 754 944 793 in
985 754 1125 806 priore
1164 758 1310 795 nostra
1351 755 1506 795 Horati
1545 769 1715 807 operum

125 815 370 856 recensione
413 812 615 853 Alfredus
659 811 823 852 Holder
865 813 1147 852 recensendos
1191 817 1439 865 susceperat
1487 826 1714 854 sermones.

126 873 239 925 quod
269 885 372 925 opus
401 884 455 911 ne
486 870 685 922 efficeret,
716 870 840 909 initio
869 870 1015 910 multis
1046 871 1142 910 aliis
1173 871 1412 911 litterarum
1442 871 1596 912 studiis
1621 886 1715 924 pro-

125 932 288 971 hibitus
317 933 394 981 est,
425 933 467 969 et
497 942 589 969 cum
609 941 718 969 anno
744 928 853 967 1916
881 927 1105 969 defunctus
1126 933 1239 969 esset
1260 930 1538 969 amicissimus
1557 933 1714 982 noster,

125 1002 203 1028 nos
241 989 286 1028 in
326 987 440 1028 illius
480 988 616 1027 uicem
656 986 884 1026 succedere
926 987 1063 1026 coacti
1098 1000 1253 1027 sumus.
1312 987 1495 1028 Ioannes
1525 987 1641 1027 Endt
1672 991 1715 1028 et

123 1045 331 1098 Iosephus
371 1045 548 1094 Dorsch,
596 1057 701 1095 quos
741 1044 909 1095 Pragae
954 1044 1178 1085 habuimus
1222 1045 1465 1097 discipulos,
1510 1058 1713 1086 summam

123 1117 293 1156 operam
313 1116 431 1143 suam
462 1103 734 1152 studiumque
764 1102 888 1141 nobis
918 1115 1077 1143 nauare
1107 1105 1249 1154 parati
1280 1108 1413 1154 erant,
1445 1105 1508 1143 ita
1527 1108 1575 1143 ut
1595 1103 1712 1143 illius

123 1161 280 1202 auxilio
326 1165 555 1213 apparatus
602 1160 786 1211 criticus,
832 1159 957 1200 huius
1001 1161 1084 1200 loci
1128 1161 1288 1201 similes
1329 1161 1479 1213 perfici
1524 1166 1711 1213 possent.

92 1237 95 1239 ’
122 1224 343 1272 praeterea
391 1221 435 1258 in
486 1218 736 1270 colligendis
786 1221 829 1257 et
879 1219 1087 1270 augendis
1135 1219 1243 1259 locis
1293 1219 1503 1259 similibus
1553 1231 1715 1259 summa

123 1278 304 1318 scientia
344 1276 485 1316 Caroli
528 1276 779 1327 Weymann‚
827 1275 1064 1317 doctissimi
1108 1278 1406 1317 uniuersitatis
1446 1278 1713 1318 Monacensis

122 1335 387 1388 professoris,
419 1347 572 1386 magno
602 1334 726 1374 nobis
746 1333 828 1372 fuit
848 1335 953 1374 usui.
1006 1349 1100 1375 oum
1119 1348 1219 1375 uero
1242 1335 1455 1375 oculorum
1476 1340 1713 1375 nostrorum

124 1394 236 1433 acies
276 1393 445 1432 iamiam
485 1393 713 1432 hebescere
756 1393 978 1443 coepisset,
1021 1394 1158 1433 uicem
1202 1397 1392 1433 nostram
1436 1393 1715 1445 expleuerunt

122 1450 477 1490 familiarissimus
527 1451 694 1490 iuuenis
738 1450 957 1500 Eugenius
998 1449 1182 1501 Staiger,
1229 1451 1443 1501 gymnasii
1483 1451 1712 1492 Uracensis

124 1512 384 1560 praeceptor,
425 1512 468 1547 et
503 1507 686 1547 Ioannes
717 1507 961 1558 Alphonsus
994 1507 1149 1560 Simon,
1191 1508 1406 1559 professor
1436 1508 1712 1561 Coloniensis,

128 1567 200 1616 qui
229 1579 312 1605 una
332 1579 425 1605 cum
445 1565 605 1604 Ioanne
625 1565 741 1603 Endt
771 1564 927 1604 librum
958 1566 1076 1617 typis
1108 1567 1424 1617 exprimendum
1445 1571 1712 1607 curauerunt.

238 1623 299 1662 At
339 1636 432 1663 cum
471 1623 515 1661 in
556 1624 650 1674 ipsa
683 1623 931 1662 recensione
961 1623 1218 1675 philologica
1247 1624 1327 1664 hae
1357 1628 1506 1664 tantae
1536 1625 1713 1665 difficul-

125 1684 238 1720 tates
287 1681 553 1732 superandae
603 1684 738 1731 erant,
789 1683 879 1719 tum
927 1681 1059 1720 multo
1111 1681 1328 1722 difficilius
1380 1686 1473 1723 erat
1521 1683 1713 1723 inuenire

123 1738 355 1790 librarium,
396 1739 468 1789 qui
508 1738 608 1777 libri
649 1738 802 1777 edendi
841 1744 1033 1790 sumptus
1068 1738 1244 1779 faueret.
1305 1741 1416 1791 quod
1455 1743 1504 1780 ut
1533 1740 1715 1781 feliciter

124 1796 337 1847 eueniret,
387 1795 510 1835 multi
555 1804 674 1835 trans
721 1795 933 1835 Oceanum
979 1797 1104 1836 amici
1148 1811 1301 1849 magna
1346 1799 1524 1850 pecunia
1569 1799 1714 1839 oblata

121 1865 326 1892 summum
357 1853 643 1893 adhibuerunt
673 1853 881 1892 studium:
912 1854 956 1892 in
988 1855 1141 1904 quibus
1171 1856 1350 1896 maxime
1381 1856 1620 1897 laudandus
1647 1861 1713 1897 est
1751 1882 1753 1885 -

120 1910 434 1951 illustrissimus
465 1910 538 1950 ille
567 1910 708 1950 Moses
727 1911 777 1950 B.
801 1911 1041 1964 Slaughter,
1072 1913 1368 1954 uniuersitatis
1388 1914 1582 1954 Madison
1604 1915 1712 1956 Wis.

121 1968 347 2020 professor,
380 1982 474 2009 cum
494 1982 654 2008 summo
676 1968 821 2009 dolore
840 1975 985 2010 nostro
1006 1975 1279 2022 praematura
1299 1976 1433 2012 morte
1455 1973 1712 2025 absumptus,

121 2027 294 2078 eiusque
324 2026 489 2078 collega
518 2026 571 2066 R.
593 2026 645 2067 A.
665 2026 882 2078 Hohlfeld,
915 2027 1070 2068 deinde
1100 2029 1141 2069 J.
1162 2029 1217 2070 M.
1241 2029 1460 2082 Wuelfing
1485 2030 1546 2071 St.
1566 2031 1710 2083 Louis,

120 2084 442 2124 liberalissimus
473 2084 548 2124 ille
579 2084 833 2124 Germaniae
864 2085 1104 2126 litterarum
1133 2086 1284 2127 fautor.
1333 2089 1516 2128 societas
1547 2102 1712 2141 quoque

121 2141 197 2182 illa
238 2142 292 2181 ad
331 2142 647 2194 propagandam
687 2144 732 2181 in
762 2142 966 2183 Bohemia
997 2144 1291 2186 Germanicam
1326 2147 1546 2187 scientiam
1578 2151 1713 2188 artem

120 2199 288 2239 litteras
328 2201 563 2240 constituta
603 2200 766 2251 largam
807 2202 960 2253 stipem
1002 2203 1192 2243 contulit.
1251 2204 1410 2255 itaque,
1451 2217 1543 2244 cum
1581 2205 1631 2245 B.
1661 2205 1711 2245 G.

121 2257 326 2309 Teubner,
366 2271 542 2308 quocum
571 2259 726 2297 iterum
758 2272 806 2298 ac
841 2261 1012 2311 saepius
1043 2260 1096 2300 de
1128 2262 1361 2301 emittendo
1392 2262 1503 2302 libro
1535 2264 1709 2315 egimus,

120 2314 301 2355 funestis
348 2315 435 2355 illis
484 2316 547 2355 rei
594 2317 853 2356 nummariae
902 2318 1050 2358 ruinae
1100 2320 1362 2371 temporibus
1412 2333 1437 2359 a
1480 2322 1711 2360 maioribus

121 2373 358 2424 sumptibus
398 2373 656 2425 abhorreret,
697 2375 866 2426 negotio
909 2376 1110 2416 audacter
1140 2381 1335 2429 suscepto
1367 2391 1470 2429 opus
1500 2380 1544 2417 in
1575 2379 1711 2418 lucem

122 2430 319 2480 produxit
359 2431 527 2472 Walter
565 2431 848 2472 Biedermann
894 2432 1101 2485 Ienensis,
1148 2435 1351 2475 librorum
1391 2436 1572 2488 impiger
1616 2436 1710 2477 red-

124 2491 286 2537 emptor
320 2489 392 2538 qui
431 2490 560 2528 etiam
601 2490 756 2541 prioris
795 2490 1024 2532 uoluminis
1055 2492 1321 2546 (carminum)
1351 2499 1492 2533 cetera
1521 2494 1711 2546 exempla

123 2556 148 2583 a
178 2543 395 2584 Teubnero
425 2548 616 2598 suscepit
647 2547 904 2588 uendendos.

240 2601 444 2642 Omnibus
475 2603 542 2643 his
572 2604 823 2656 fautoribus,
857 2619 1034 2656 quorum
1064 2606 1201 2646 officio
1232 2607 1391 2647 factum
1422 2609 1501 2657 est,
1533 2610 1581 2646 ut
1602 2620 1709 2658 quae

120 2659 165 2697 in
206 2659 494 2700 adulescentia
535 2661 803 2712 deposuimus
843 2663 1085 2704 rudimenta
1124 2668 1221 2716 post
1262 2665 1318 2703 60
1348 2677 1550 2703 annorum
1580 2665 1708 2705 inter-

121 2715 280 2755 uallum
319 2719 503 2769 repetita
538 2723 581 2758 et
612 2718 801 2769 perfecta
831 2721 1066 2772 uideamus,
1108 2722 1273 2773 gratias
1304 2723 1468 2773 agimus
1499 2735 1551 2762 ex
1581 2724 1708 2762 animi

121 2775 335 2814 sententia
365 2789 490 2826 quam
519 2777 735 2816 maximas.

1323 2868 1436 2915 Otto
1466 2869 1648 2914 Keller.
