1950 3236
254 166 336 208 176
757 160 957 197 HoRAri
979 141 1350 197 Eris'rVLARVM

367 291 482 346 quod
515 291 621 332 satis
653 292 721 331 est
751 288 822 330 cui
852 287 1080 341 contingit,
1113 287 1176 329 nil
1208 287 1397 341 amplius
1429 291 1563 341 optet.

365 372 450 401 non
487 360 644 401 domus
677 362 721 399 et
751 356 930 407 fundus,
963 368 1050 398 non
1082 357 1198 398 aeris
1230 368 1408 398 aceruos
1440 360 1483 397 et
1514 355 1611 397 auri

368 433 548 479 aegroto
581 425 748 468 domini
779 425 960 467 deduxit
990 437 1172 478 corpore
1201 423 1351 475 febris,
1424 430 1426 433 ⁴

365 509 452 538 non
484 496 630 537 animo
662 506 811 536 curas:
843 493 992 536 ualeat
1020 505 1252 547 possessor
1284 496 1470 547 oportet,

252 576 286 601 50
369 565 406 607 si
437 564 722 617 comportatis
753 563 888 604 rebus
920 563 1032 604 bene
1063 562 1227 615 cogitat
1257 562 1337 604 uti.

365 633 440 686 qui
471 632 591 686 cupit
621 637 697 674 aut
726 632 898 686 metuit,
929 631 1055 673 iuuat
1083 630 1206 673 illum
1239 631 1303 673 sic
1334 631 1490 673 domus
1522 634 1567 672 et
1595 642 1680 682 res,

366 706 416 743 ut
446 701 614 755 lippum
646 700 789 754 pictae
821 699 1013 751 tabulae,
1043 697 1238 741 fomenta
1267 699 1522 753 podagram,

366 770 588 812 auriculas
619 769 813 811 citharae
844 768 1028 811 collecta
1059 768 1189 810 sorde
1220 767 1423 810 dolentis.

364 837 659 881 *sincerumst
689 839 774 880 nisi
807 850 896 890 uas,
929 837 1235 891 quodcumque
1265 835 1476 888 infundis,
1508 837 1681 879 acescit.

363 939 411 975 46
433 942 477 977 T:
503 939 614 974 schol.
639 952 658 984 γ
683 938 730 974 ad
754 949 864 974 carm.
890 937 953 973 111
981 938 1035 984 16,
1058 938 1103 973 43
1128 948 1200 983 sq.:
1225 936 1329 973 ‘bene
1352 937 1579 972 est-manu>
1646 938 1692 975 S:
1717 935 1827 973 Luer.

249 985 290 1020 ΙΙ
317 987 422 1021 1149:
453 985 565 1032 ‘quod
590 986 679 1020 satis
704 984 769 1020 est'
793 985 831 1019 in
857 995 986 1019 uersus
1010 983 1160 1019 exordio
1177 985 1190 1029 Η
1207 983 1254 1018 cf.
1280 983 1351 1019 Ou.
1376 983 1459 1018 fast.
1484 982 1504 1018 I
1527 983 1583 1019 33.
1609 982 1714 1018 Paul.
1738 981 1826 1019 Nol.

249 1032 285 1068 V
302 1032 347 1068 60
364 1033 376 1077 ΙΙ
395 1032 478 1067 Sen.
495 1033 599 1077 epist.
617 1030 696 1074 108,
721 1032 781 1065 11:
806 1030 905 1076 quod
929 1030 1020 1073 uolt,
1044 1029 1155 1064 habet
1178 1030 1242 1076 qui
1266 1029 1372 1073 uelle,
1397 1028 1494 1075 quod
1511 1029 1600 1064 satis
1615 1034 1681 1072 est,
1703 1032 1827 1075 potest

247 1079 293 1114 47
319 1089 397 1124 sqq.
422 1079 466 1116 S:
499 1078 619 1113 Varro
643 1082 710 1111 sat.
736 1076 900 1122 Menipp.
925 1087 961 1122 p.
987 1076 1053 1111 103
1085 1075 1150 1110 R:
1185 1086 1259 1111 non
1292 1075 1338 1110 fit
1372 1074 1595 1117 thensauris,
1625 1085 1699 1110 non
1734 1084 1826 1112 auro

248 1126 368 1171 pectu'
394 1124 568 1166 solutum,
592 1133 667 1158 non
691 1121 845 1157 demunt
868 1122 1000 1157 animis
1024 1132 1132 1157 curas
1156 1132 1199 1157 ac
1226 1121 1432 1167 relligiones
1453 1120 1648 1156 Persarum
1672 1125 1826 1160 montes.

247 1181 322 1206 non
345 1170 440 1205 atria
463 1169 582 1204 diuiti’
607 1169 730 1204 Crassi
748 1170 761 1213 ss
778 1167 888 1203 Lucr.
905 1167 947 1202 11
965 1167 1009 1202 34
1033 1178 1129 1214 sqq.:
1154 1178 1221 1202 nec
1248 1167 1388 1202 calidae
1410 1167 1519 1202 citius
1543 1167 1726 1211 decedunt
1748 1177 1826 1203 cor-

248 1227 334 1262 pore
357 1215 485 1259 febres,
510 1214 701 1250 textilibus
727 1215 757 1248 si
782 1214 820 1248 in
844 1214 997 1260 picturis
1021 1220 1193 1260 ostroque
1216 1212 1364 1248 rubenti
1398 1212 1543 1247 iaeteris
1575 1223 1687 1259 quam
1721 1212 1753 1248 si
1785 1211 1825 1247 in

249 1262 390 1308 plebeia
425 1265 526 1296 ueste
562 1259 827 1303 cubandumst3
864 1263 1089 1306 quapropter
1126 1259 1302 1306 quoniam
1344 1258 1397 1293 nil
1435 1263 1562 1294 nostro
1599 1260 1638 1293 in
1676 1268 1827 1305 corpore

247 1318 390 1353 gazae
412 1306 616 1353 proficiunt
639 1318 669 1342 e.
694 1318 728 1352 q.
745 1318 774 1341 e.
792 1306 804 1351 ΙΙ
822 1305 900 1342 Tib.
925 1305 989 1341 111
1013 1306 1046 1349 3,
1069 1306 1135 1340 21:
1160 1315 1234 1341 non
1259 1304 1429 1351 opibus
1461 1308 1601 1340 mentes
1632 1304 1825 1340 hominum

248 1364 482 1400 curaeque
522 1353 695 1389 leuantur
814 1352 859 1387 51
894 1353 939 1390 S:
972 1350 1113 1387 anthol.
1151 1351 1228 1386 Lat.
1260 1350 1340 1393 489,
1372 1350 1436 1385 33:
1481 1350 1612 1397 eupit
1651 1349 1826 1394 metuit

248 1411 335 1445 que
365 1399 379 1446 ΙΙ
413 1399 459 1434 cf.
490 1400 570 1441 804,
605 1399 646 1433 12
785 1399 831 1434 53
863 1397 1026 1434 ‘collecta
1064 1397 1172 1432 sorde
1209 1396 1380 1433 dolentis'
1420 1399 1464 1434 T:
1497 1396 1612 1432 Probi
1642 1407 1664 1431 a
1717 1395 1828 1432 endix

248 1457 283 1491 p.
309 1446 376 1481 195
404 1445 449 1481 K.
543 1446 590 1481 54
612 1447 656 1482 T:
689 1444 799 1480 florii.
825 1444 940 1479 Paris.
970 1442 1099 1479 881821.
1125 1443 1237 1489 gloss.
1270 1443 1347 1478 Mai
1379 1442 1484 1478 class.
1517 1445 1614 1478 auct.
1649 1407 1750 1478 511
1781 1442 1825 1478 15

248 1491 386 1528 54—61
403 1492 449 1527 cf.
467 1490 629 1526 Cassian.
645 1491 767 1526 collat.
785 1489 911 1543 XIIII
928 1490 949 1524 2
967 1501 1003 1542 p:
1020 1490 1107 1524 417:
1123 1499 1232 1524 nemo
1247 1489 1507 1541 enimin-uas·
1521 1488 1700 1540 faetidum
1716 1491 1828 1541 atque

248 1534 1825 1636 {²320ssss&uiigiiffi?¹32¹„itffqgssssffissssgdaiat³23¹AEaffiessi‘ssiassussqsstmndssffssssffi

248 1641 259 1663 1
270 1641 305 1664 m
317 1629 430 1665 buta
453 1630 654 1665 factoribus
672 1632 688 1664 t
701 1640 744 1664 es
755 1633 800 1663 ta
817 1628 1057 1671 contaminat,
1081 1637 1190 1673 quam
1211 1630 1254 1662 ut
1269 1626 1410 1672 aliquid
1426 1638 1470 1662 ex
1487 1637 1528 1662 eo
1544 1625 1741 1662 suauitatis
1759 1628 1825 1661 aut

248 1676 387 1720 gratiae
410 1677 490 1721 ipsa
507 1675 700 1721 concipiat.
747 1676 792 1713 S:
818 1674 964 1709 Lucret.
984 1673 1040 1710 VI
1061 1673 1115 1708 17.
1129 1674 1182 1708 18.
1199 1672 1254 1708 22.
1271 1673 1315 1708 23
1329 1673 1390 1708 ss.:
1415 1672 1597 1719 intellegit
1623 1671 1676 1707 ibi
1690 1671 1826 1707 uitium
1859 1716 1861 1719 y

250 1733 315 1756 uas
341 1722 487 1757 efficere
510 1723 632 1767 ipsum
657 1722 853 1767 omniaque
876 1720 976 1755 illius
1002 1719 1095 1755 uitio
1126 1719 1351 1765 corrumpier
1367 1744 1378 1754 .
1395 1745 1404 1754 .
1421 1744 1430 1754 .
1456 1723 1573 1754 taetro
1603 1717 1709 1764 quasi
1739 1727 1825 1754 con-

1485 1802 1508 1822 n

363 1836 397 1871 Ω
417 1853 463 1866 =
482 1841 512 1871 A
530 1839 742 1881 EFMRy
759 1835 877 1879 δ’(δκ)
895 1835 925 1869 λ’
945 1835 977 1877 (λ
995 1838 1020 1876 l)
1037 1847 1162 1878 vnoq
1179 1847 1246 1869 mv
1317 1833 1365 1870 46
1387 1833 1543 1879 contigit
1566 1833 1690 1869 ‹32122
1738 1842 1823 1869 con-

248 1894 332 1939 tigit
355 1897 404 1928 Ri
480 1894 662 1939 contingit
694 1901 767 1928 cett.
795 1897 877 1937 flor.
894 1897 1009 1928 Nostr.
1020 1896 1054 1938 ()
1118 1892 1212 1926 nihil
1243 1895 1276 1926 A
1290 1895 1399 1936 MRy
1412 1891 1443 1926 δ’
1457 1905 1476 1926 ν
1487 1905 1514 1925 π
1524 1904 1558 1926 m
1570 1904 1588 1926 z
1601 1891 1638 1936 ()
1705 1888 1822 1924 nichil

248 1965 269 1995 9
277 1954 357 1994 flor.
371 1955 486 1986 Nostr.
535 1951 588 1985 nil
611 1951 779 1985 Effst'ov
827 1953 930 1997 optes
954 1955 985 1985 A
1034 1954 1120 1996 opte
1143 1953 1179 1984 et
1202 1963 1222 1994 γ
1276 1963 1335 1983 uu.
1361 1948 1497 1983 47—49
1521 1961 1584 1982 om.
1602 1957 1639 1982 vl
1689 1946 1735 1982 47
1753 1945 1823 1981 eris

250 2012 279 2042 A
292 2008 311 2041 λ.
371 2019 524 2043 aceruus
541 2008 575 2043 Ω
584 2012 663 2053 flor.
678 2012 794 2043 Nostr.
895 2009 940 2044 48
964 2007 1082 2042 dedu}
1106 2007 1126 2042 δ
1185 2006 1340 2042 deduxit
1364 2013 1437 2040 ceth.
1453 2009 1552 2050 yles-3.
1569 2005 1607 2039 Γ
1607 2007 1688 2049 flor.
1707 2007 1823 2039 Nostr.

247 2079 300 2109 pr.
371 2065 520 2101 deducit
542 2079 564 2110 y
578 2079 652 2100 cum
668 2070 748 2110 flor.
766 2069 882 2100 Nostr.
908 2078 993 2100 corr.
1065 2064 1224 2099 deducet
1246 2073 1287 2098 va
1306 2076 1384 2097 παν.
1400 2076 1423 2106 y
1492 2061 1604 2098 febris
1629 2065 1660 2096 R
1674 2071 1719 2096 πι
1748 2074 1824 2096 oum

247 2125 452 2166 Reqinens.1
526 2122 644 2158 febres
667 2127 720 2157 Aa
735 2126 786 2157 El
808 2126 842 2157 F
855 2122 886 2156 λ’
902 2132 941 2157 νε
962 2136 983 2166 9
999 2135 1032 2156 m
1048 2135 1067 2155 v
1083 2135 1100 2155 κ
1172 2121 1313 2156 febrem
1336 2123 1368 2154 A
1385 2123 1438 2155 Ea
1453 2122 1497 2154 M
1501 2133 1521 2165 γ
1534 2119 1575 2154 «52
1589 2131 1610 2153 σ
1619 2122 1694 2161 tior.
1707 2121 1823 2153 Nowr.

246 2180 294 2215 49
318 2180 507 2225 possessor
530 2184 562 2214 A
656 2180 702 2215 50
725 2179 953 2226 conportatis
977 2182 1012 2213 F
1023 2182 1074 2213 Ra
1090 2192 1109 2224 γ
1122 2178 1154 2213 δ’
1167 2178 1187 2212 λ
1199 2191 1218 2212 ν
1231 2181 1336 2222 oflor.
1350 2180 1464 2212 Nostr.
1521 2175 1746 2222 conpartatis
1768 2179 1819 2212 121

248 2271 486 2317 comportatis
504 2279 577 2306 cett.
647 2271 693 2307 51
710 2272 788 2316 aut]
806 2234 891 2306 auto
911 2225 1046 2314 aeggtvy
1094 2270 1143 2314 et]
1164 2254 1230 2304 aut
1246 2274 1453 2314 Asuperscr.
1462 2272 1544 2312 flor.
1561 2271 1675 2305 Noetr.
1721 2267 1790 2314 llet
1802 2267 1822 2302 ὅ

250 2332 286 2364 et
310 2337 383 2364 cett.
467 2328 514 2365 52
537 2328 654 2375 lyppi‘i
669 2328 746 2363 Εἴ
816 2329 914 2375 picte
938 2327 1063 2364 tabule
1085 2328 1104 2361 λ
1121 2341 1141 2372 9
1150 2331 1231 2372 flor.
1250 2330 1365 2362 Nostr.
1436 2327 1556 2372 pictae
1578 2325 1727 2361 tabulae
1750 2332 1823 2360 cett.

249 2400 339 2422 cons.
364 2390 450 2431 sph.
497 2387 618 2432 pictae
640 2391 681 2421 in
703 2400 811 2439 marg.
836 2399 858 2421 σ
927 2385 1091 2422 fomenta
1116 2385 1150 2420 Ω
1171 2388 1298 2429 ΡοτῬῘι.
1317 2388 1398 2428 flor.
1423 2387 1539 2419 Nostr.
1601 2382 1765 2429 podagra
1786 2385 1830 2416 M

388 2446 408 2467 v

247 2482 444 2526 podagram
475 2481 508 2513 R
604 2477 804 2524 podagram
845 2486 917 2514 cett.
953 2481 1040 2522 Pph.
1074 2481 1154 2521 flor.
1195 2480 1309 2511 Nostr.
1403 2475 1609 2522 podagrum
1631 2487 1654 2519 y
1678 2477 1823 2509 Pottieri

248 2539 320 2570 cod.
347 2535 391 2571 10
414 2544 446 2571 et
469 2537 488 2570 1
522 2539 619 2581 apud
653 2539 938 2580 Oudendorpium
969 2538 1016 2569 ad
1047 2538 1177 2579 Appul.
1212 2542 1287 2569 met.
1314 2534 1349 2570 V
1377 2547 1416 2578 p.
1440 2533 1508 2569 339
1551 2535 1755 2567 Deseauem.
1780 2529 1822 2565 H

246 2595 294 2630 53
318 2593 493 2639 cytharae
515 2597 551 2629 F
558 2597 591 2628 R
603 2593 634 2628 δ’
647 2593 748 2628 λ’πσ
794 2593 936 2629 cithare
958 2596 1024 2637 Ey
1071 2592 1228 2628 dolentis
1253 2596 1352 2636 Apr.
1366 2602 1441 2636 γπι
1457 2594 1588 2626 Probus
1656 2588 1822 2625 dolendis

248 2655 279 2686 R
324 2652 487 2689 dolentes
520 2660 592 2687 cett.
621 2660 653 2687 et
676 2656 708 2686 A
734 2665 820 2687 corr.
845 2662 890 2687 m
909 2655 991 2696 flor.
1016 2655 1130 2686 Nostr.
1247 2650 1293 2686 54
1329 2649 1520 2686 Sincerum
1550 2651 1606 2684 est
1636 2647 1671 2683 Ω
1739 2646 1821 2684 Sin-

246 2720 370 2744 cerum
396 2711 472 2754 (om.
499 2710 566 2755 est)
581 2713 663 2754 flor.
687 2713 803 2744 Nostr.
827 2713 908 2744 Par.
934 2709 1054 2745 8818a
1070 2712 1213 2753 ylossar.
1238 2711 1314 2743 Μαί
1369 2706 1537 2742 infundit
1558 2706 1579 2740 ὃ
1635 2703 1767 2740 acescit
1790 2706 1820 2738 A

248 2770 284 2800 E
299 2780 355 2810 pr.
376 2770 411 2801 F
418 2771 461 2802 M
467 2768 499 2802 δ’
518 2767 549 2801 λ’
566 2781 585 2802 ν
600 2781 627 2801 π
639 2780 695 2811 pr.
713 2780 734 2801 σ
750 2780 783 2801 m
800 2781 818 2802 v
858 2770 1044 2802 Pseudacr.
1068 2769 1154 2808 (cod.
1173 2769 1204 2808 b)
1238 2769 1286 2800 ad
1309 2769 1407 2809 episc.
1429 2763 1451 2798 I
1472 2763 1508 2807 2,
1533 2762 1577 2798 69
1604 2766 1684 2808 flor.
1708 2765 1819 2797 Parte.

672 2826 702 2870 ll

248 2868 366 2903 88182
391 2874 532 2914 ylo-esar.
553 2875 629 2906 Mai
674 2870 806 2906 acescit
830 2874 861 2905 R
907 2869 1039 2905 acessit
1063 2873 1098 2904 Ε
1112 2881 1197 2904 corr.
1214 2868 1311 2913 yi'ut
1327 2871 1401 2902 uid.
1418 2881 1440 2912 q
1450 2881 1498 2912 pr
1564 2864 1676 2902 acesit
1697 2877 1718 2909 q
1734 2877 1821 2899 corr.

670 2917 701 2962 ll

249 2971 381 3005 acescit
404 2985 429 3005 π
446 2985 477 3006 α.
496 2986 581 3007 corr.
629 2977 768 3009 acescet
783 2987 821 3008 π.
840 2987 925 3008 corr.
973 2972 1101 3008 acestit
1124 2982 1163 3017 γε
1213 2971 1364 3006 ascessit
1373 2974 1453 3014 flor.
1477 2972 1591 3003 Nom.
