1950 3236
797 153 894 190 ΜΒ.
918 153 949 191 1.
975 154 1030 189 11.
1049 153 1104 190 12.
1660 156 1745 198 209

278 291 462 329 strenua
491 296 574 327 nos
604 286 778 327 exercet
807 284 990 327 inertia:
1022 283 1213 326 nauibus
1244 286 1377 337 atque

278 354 505 410 quadrigis
535 353 729 407 petimus
761 353 874 396 bene
904 352 1071 396 uiuere.
1104 352 1222 407 quod
1252 352 1383 406 petis,
1414 351 1484 395 hic
1514 356 1595 405 est,

279 427 347 467 est
378 422 574 475 Vlubris‚
613 421 792 465 animus
824 421 864 464 si
894 424 939 464 te
970 434 1058 464 non
1092 420 1239 465 deficit
1268 433 1445 476 aequos.
1714 432 1749 460 ao

902 618 1007 662 XII.

280 700 518 744 Fructibus
551 699 780 754 Agrippae
812 698 986 751 Siculis,
1018 711 1130 753 quos
1161 698 1347 752 colligis,
1379 699 1483 749 Ioci,

279 771 319 814 si
349 773 469 814 recte
498 768 675 821 frueris,
707 780 796 813 non
829 772 898 811 est
930 771 978 811 ut
1009 768 1136 822 copia
1166 768 1305 811 maior

279 839 335 883 ab
367 838 477 881 Ioue
508 837 663 880 donari
692 837 837 891 possit
865 837 960 880 tibi.
991 836 1098 879 tolle
1129 836 1372 891 querellas:

279 920 449 962 pauper
479 908 596 951 enim
627 918 715 950 non
747 909 830 958 est,
862 906 934 948 cui
964 918 1112 949 rerum
1145 905 1341 960 suppetit
1371 918 1493 949 usus.

280 978 317 1020 si
349 977 495 1020 uentri
525 977 653 1028 bene,
685 976 723 1018 si
753 973 952 1019 *laterist
982 975 1259 1029 pedibusque
1289 975 1394 1027 tuis,
1425 976 1488 1019 nil
1733 988 1750 1014 5

281 1047 463 1091 diuitiae
492 1049 703 1100 poterunt
733 1044 908 1099 regales
939 1044 1103 1087 addere
1133 1044 1292 1087 maius.

280 1117 319 1159 si
348 1115 463 1159 forte
493 1116 537 1158 in
571 1114 718 1159 medio
748 1113 995 1168 positorum
1027 1113 1274 1156 abstemius
1304 1113 1454 1157 herbis

277 1229 325 1265 28
348 1230 393 1267 S:
419 1227 503 1264 Sen.
527 1226 615 1263 dial.
638 1227 661 1263 9
685 1227 732 1262 de
755 1229 902 1273 tranqu.
927 1236 986 1261 an.
1012 1225 1068 1270 12,
1091 1225 1132 1262 3:
1159 1225 1218 1261 his
1242 1228 1307 1272 (sc.
1325 1226 1489 1263 formicis
1512 1238 1576 1273 per
1599 1227 1751 1263 arbusta

163 1274 391 1322 repentibus)
421 1274 585 1321 plerique
619 1272 776 1309 similem
814 1274 930 1308 uitam
966 1276 1102 1319 agunt,
1143 1283 1301 1319 quorum
1342 1284 1417 1309 non
1457 1273 1630 1309 inmerito
1668 1274 1750 1320 quis

164 1323 395 1370 inqietam
419 1321 643 1356 inertiam
667 1319 803 1355 dixerit
826 1320 840 1365 ΙΙ
865 1318 915 1354 id.
939 1330 996 1365 ep.
1020 1319 1077 1361 56,
1100 1317 1142 1354 8:
1166 1319 1354 1355 interdum
1380 1319 1510 1365 quies
1535 1320 1578 1354 in
1622 1319 1752 1355 uieta

164 1373 220 1405 est
244 1395 254 1404 .
271 1394 280 1403 .
300 1394 310 1403 .
334 1378 402 1403 nos
425 1366 520 1403 male
542 1366 655 1402 habet
678 1366 856 1401 inertia
879 1365 937 1400 sui
962 1364 1219 1411 impatiens
1254 1366 1268 1410 ΙΙ
1300 1365 1396 1400 Plin.
1425 1377 1481 1412 ep.
1498 1365 1599 1402 VIII
1650 1367 1684 1409 6,
1709 1368 1749 1400 4:

162 1414 394 1451 otiosissimis
426 1412 730 1459 occupationibus
774 1412 790 1458 ΙΙ
832 1411 956 1458 Apoll.
991 1411 1118 1447 Sidon.
1150 1422 1207 1458 ep.
1232 1411 1252 1446 1
1276 1412 1310 1454 5,
1335 1412 1397 1447 11:
1429 1412 1750 1459 occupatissimam

163 1461 393 1497 uacationem
421 1460 436 1506 l}
464 1459 548 1495 qu.
572 1459 608 1502 9,
634 1459 718 1494 132:
742 1458 966 1494 conueniant
997 1462 1033 1493 et
1063 1459 1248 1504 carpentis
1280 1461 1318 1493 et
1349 1457 1555 1494 nauibus
1578 1469 1706 1495 omnes
1732 1458 1751 1540 ῃ

163 1507 241 1544 Cic.
265 1506 313 1542 ad
337 1506 468 1551 Quint.
493 1505 538 1541 fr.
562 1505 604 1541 11
632 1505 686 1545 15,
703 1507 743 1540 2:
768 1509 850 1540 tum
874 1504 989 1551 oquin,
1021 1507 1102 1539 tum
1127 1503 1317 1550 quadrigis
1342 1505 1404 1550 (cf.
1428 1505 1505 1540 Cic.
1529 1504 1575 1540 de
1597 1504 1664 1541 off.
1688 1504 1729 1540 II

164 1554 222 1597 33,
246 1552 327 1598 116)
416 1552 464 1589 29
495 1562 548 1598 sq.
581 1553 627 1590 S:
660 1551 817 1597 Epictet.
850 1550 937 1586 diss.
970 1550 1013 1585 II
1045 1550 1101 1594 16,
1133 1551 1177 1586 47
1212 1550 1318 1587 Seh.:
1350 1551 1420 1592 ἔξω
1457 1552 1574 1596 ζητῶν
1605 1551 1659 1586 ἀεὶ
1690 1550 1753 1596 τὴν

164 1601 305 1645 εὔροιαν
327 1598 390 1634 καὶ
412 1597 577 1644 μηδέποτ’
605 1597 740 1642 εὗροεΐν
764 1597 966 1642 δυνάμενος.
1015 1596 1093 1631 ἐκεῖ
1119 1596 1185 1642 γὰρ
1217 1596 1326 1642 αὐτὴν
1353 1598 1478 1642 ζητεῖς,
1509 1596 1554 1632 οὗ
1575 1597 1626 1642 μή
1651 1597 1753 1639 ἔστιν,

164 1645 268 1729 «Ιίἥὶεὶῧ-
291 1645 370 1682 ἐκεῖ
389 1645 514 1698 ζητεῖν,
545 1645 639 1725 ὅποί)Ι
659 1643 750 1725 ἰσῖίν
767 1645 779 1688 ΙΙ
798 1642 883 1725 81961.
898 1643 1013 1725 leget.
1038 1641 1096 1687 28,
1119 1644 1142 1679 5
1165 1642 1253 1679 lfide
1275 1654 1388 1690 supra
1411 1644 1459 1679 ad
1477 1654 1514 1679 u.
1531 1642 1576 1679 27
1638 1643 1687 1680 30
1707 1645 1752 1682 S:

218 1703 241 1728 u
270 1703 330 1728 ras
353 1702 492 1727 uacuas
515 1701 538 1726 a
641 1701 663 1725 a
726 1701 789 1725 uu.
862 1716 870 1731 ,

280 1738 312 1775 Ι.
337 1737 393 1774 12.
440 1701 724 1774 2-6ηῐρξῧοῐὶ1.
741 1735 916 1772 Nostrad.
979 1735 1003 1770 2
1019 1736 1064 1773 S:
1088 1746 1163 1771 non
1181 1738 1237 1771 est
1254 1736 1312 1781 ut]
1337 1734 1496 1772 elocutio
1519 1734 1754 1778 Lucretiam,

163 1788 209 1821 ut
230 1784 270 1821 V
293 1784 362 1820 146
390 1785 405 1829 ΙΙ
429 1782 548 1829 ‘copia
572 1781 699 1818 maior’
725 1781 765 1817 in
797 1780 983 1818 clausula:
1016 1781 1126 1817 Lucr.
1151 1781 1189 1818 V
1215 1781 1314 1818 1288.
1339 1781 1410 1818 Ou.
1435 1785 1521 1818 met.
1545 1781 1648 1818 VIII
1673 1780 1752 1817 838.

163 1833 289 1867 Aetna
311 1829 390 1865 42¹7.
414 1829 556 1865 anthol.
572 1829 655 1864 Lat.
666 1827 748 1872 286,
770 1828 836 1864 173
894 1829 918 1864 4
941 1830 986 1865 T:
1012 1827 1122 1864 floril.
1147 1827 1262 1863 Paris.
1286 1827 1379 1864 8818
1392 1837 1423 1863 a,
1448 1827 1586 1874 Porph.
1605 1827 1653 1863 ad
1679 1839 1713 1863 u.
1731 1828 1752 1863 5

163 1877 188 1914 5
209 1888 227 1912 s
255 1904 263 1912 .
287 1878 333 1916 S:
359 1876 472 1913 Solon
494 1875 594 1922 apud
609 1874 706 1910 Plut.
724 1875 792 1910 uit.
811 1873 886 1911 Sol.
909 1874 951 1909 2:
977 1873 1050 1909 ἶσόν
1074 1887 1125 1909 τοι
1148 1874 1438 1916 πλουτοῦσιν,
1461 1875 1533 1919 ὅτῳ
1555 1873 1664 1913 πολὺς
1688 1874 1752 1919 ἅρ-

163 1888 269 1969 rvr-›34-
300 1923 391 1958 ἐστιν
421 1922 483 1957 καὶ
513 1921 645 1967 χρυσὸς
676 1921 738 1956 καὶ
769 1926 832 1966 γῆς
862 1921 1072 1965 πυροφόρου
1104 1921 1207 1955 πεδία
1231 1921 1328 1955 ἵπποι
1353 1919 1391 1956 θ’
1416 1921 1559 1966 ἡμίονοί
1578 1933 1614 1955 τε
1637 1920 1699 1956 καὶ
1723 1919 1754 1965 ᾦ

163 1969 205 2005 τὰ
228 1969 350 2005 δέοντα
372 1968 538 2013 πάρεστιν
561 1968 726 2013 γαστρί
746 1981 782 2002 τε
805 1966 866 2001 καὶ
888 1967 1107 2012 πλευραῖς
1131 1966 1192 2001 καὶ
1215 1967 1347 2002 ποσὶν
1370 1966 1464 2013 ἁβρὰ
1486 1966 1615 2002 παθεῖν
1628 1966 1752 2005 παιδός

163 2015 194 2050 τ’
216 2015 282 2061 ἠδὲ
304 2016 468 2061 γυναικός
493 2014 506 2060 ΙΙ
531 2015 616 2050 item
642 2013 805 2060 Theogn.
830 2011 898 2048 719
922 2023 1000 2059 sqq.
1079 2014 1099 2048 ’ἶ
1132 2014 1177 2051 S:
1210 2014 1351 2049 Auson.
1375 2013 1528 2060 profess.
1552 2014 1587 2057 4,
1613 2013 1656 2049 19
1679 2023 1751 2059 sq.:

280 2108 315 2143 Ω
326 2124 372 2138 =
384 2111 414 2142 A
428 2111 464 2142 Ε
478 2110 513 2141 F
524 2110 557 2142 R
571 2120 591 2152 y
604 2105 635 2140 λ’
651 2120 671 2141 ν
686 2120 713 2140 π
729 2119 750 2140 σ
765 2119 786 2151 9
803 2119 832 2140 m
853 2119 871 2140 v
889 2119 906 2140 z
976 2105 1023 2141 28
1047 2104 1209 2140 Strenua
1231 2119 1252 2150 9
1300 2105 1463 2142 Strenua
1485 2113 1559 2141 cett·
1575 2108 1662 2150 Pph.
1671 2108 1753 2149 flor.

163 2203 279 2235 Noetr.
327 2167 527 2246 exlllerl7et
550 2203 582 2234 A
631 2213 668 2233 u.
685 2197 732 2234 30
755 2211 819 2233 om.
845 2202 912 2240 Ει,
929 2201 1011 2233 add.
1030 2202 1082 2233 ΕΒ
1107 2206 1147 2232 ut
1171 2201 1246 2232 uid.
1263 2202 1305 2233 ‘Im
1327 2211 1436 2243 marq.
1507 2197 1555 2235 30
1578 2188 1717 2233 vmbris
1736 2212 1752 2232 z

451 2259 474 2280 u

168 2290 298 2326 ulibris
329 2304 351 2326 σ
415 2297 518 2338 aeql'ls
542 2297 571 2326 A
622 2302 723 2337 aequs
746 2304 773 2335 ,ιι
785 2304 844 2336 pr.
891 2301 1030 2336 aequus
1056 2298 1129 2326 cett.

282 2347 313 2384 I.
338 2347 394 2384 12.
441 2349 514 2384 AD
542 2348 732 2385 IOGIVM
756 2348 908 2384 EFst'v
964 2347 1037 2383 AD
1063 2347 1294 2384 HlGOIVM
1318 2362 1338 2393 y
1356 2361 1461 2383 cumr
1508 2348 1580 2383 AD
1612 2337 1755 2384 IGI'IV

170 2403 440 2448 LOQVITVR·
463 2420 480 2441 z
544 2405 620 2441 Fi!
637 2420 655 2440 z
673 2419 748 2441 cum
768 2419 788 2439 r
807 2408 889 2440 add.
902 2419 913 2440 .·
940 2404 1087 2449 QUEM
1108 2405 1276 2451 (QUAM
1300 2406 1334 2449 λ)
1355 2405 1463 2441 CUM
1498 2404 1571 2448 (ΠΙ
1599 2409 1623 2449 l,
1639 2418 1703 2439 om.
1719 2405 1753 2450 r)

170 2461 397 2505 QUADAM
431 2462 804 2499 ADMONITIONE
843 2462 1233 2508 (ADMONICIONE
1266 2463 1322 2498 λν
1367 2454 1704 2499 ᾸΜΟΝΙΤΙΟΝΕ
1722 2463 1753 2507 z)

170 2529 398 2573 LAUDAT3
463 2529 558 2566 HIC
612 2523 762 2568 Icow‘
811 2523 887 2567 οῦ
930 2511 1076 2575 QADK
1131 2531 1431 2568 MONITIONE
1478 2531 1691 2567 LAVDAT
1721 2545 1754 2565 m

170 2592 273 2622 inser.
299 2601 364 2622 om.
389 2592 419 2622 A
438 2591 470 2622 R
484 2601 545 2622 νπ
561 2601 583 2622 o
598 2601 619 2632 9
696 2589 718 2624 1
743 2588 907 2634 Agrippe
933 2591 962 2622 A
976 2602 997 2632 9
1045 2589 1130 2624 sicci
1155 2593 1186 2623 A
1204 2603 1237 2624 α.
1254 2602 1325 2626 rae.
1379 2590 1446 2624 ieci
1471 2597 1545 2623 cett.
1570 2591 1754 2623 Pseudacr.

170 2659 262 2681 cons.
287 2648 414 2689 Porph.
502 2644 526 2680 2
556 2644 668 2680 fueris
691 2649 743 2681 ΕΙ
839 2645 864 2682 3
896 2646 930 2680 A
954 2647 1039 2682 ioue
1054 2650 1134 2690 flor.
1159 2650 1276 2680 Nostr.
1333 2646 1512 2692 querellas
1536 2650 1754 2690 Ryamasm

169 2703 374 2749 quaerellas
403 2716 430 2737 π
482 2702 673 2748 quaerelas
703 2703 768 2738 Fl.
825 2703 991 2749 querelas
1025 2711 1097 2738 cett.
1122 2707 1203 2748 flor.
1235 2707 1352 2738 Noetr.
1445 2705 1470 2738 4
1500 2714 1621 2738 rerum
1652 2703 1713 2739 cui
1735 2717 1756 2739 ν

170 2760 337 2807 suppetis
362 2764 374 2794 l
385 2773 443 2805 pr.
492 2760 667 2806 suppedit
689 2773 710 2804 9
768 2759 792 2795 5
808 2759 965 2806 laterist]
982 2760 1104 2795 saltim
1124 2764 1180 2795 est
1195 2764 1278 2804 flor.
1295 2764 1411 2795 Noetr.
1466 2759 1573 2796 lateri
1596 2764 1617 2795 ἓ
1642 2763 1672 2795 Α
1690 2774 1755 2795 vm

169 2873 202 2900 ει
220 2869 408 2910 perexiyuo
432 2867 620 2899 interuallo
632 2877 676 2916 .ψ
738 2862 865 2898 lateri&
889 2866 945 2908 <pl
1002 2862 1170 2900 laterffiffl
1193 2877 1213 2909 γ
1267 2823 1417 2901 Ιαῖὶῗέιλ
1472 2863 1577 2899 lateri
1600 2866 1659 2900 est
1680 2867 1758 2899 ER

630 2920 643 2944 l

168 2971 195 2991 π
208 2970 230 2991 o
243 2970 263 2991 v
287 2956 394 2992 lateri
410 2957 452 2997 esa
466 2970 484 2991 z
530 2955 646 3003 latere
659 2958 714 2992 est
726 2969 748 3001 9
771 2953 877 2991 lateri
894 2968 958 2990 om.
983 2957 1039 2990 est
1049 2968 1067 2989 ε
1112 2955 1137 2992 6
1148 2953 1296 3002 Diuicie
1307 2955 1327 2990 λ
1375 2957 1395 2992 7
1408 2955 1611 2992 abstemius
1625 2955 1756 3001 ΩΡρΙι.

239 3025 402 3054 Homrrvs
420 3025 463 3052 11.
500 3024 544 3052 ed,
565 3027 590 3053 2.
1504 3014 1549 3049 14
