1950 3236
848 151 944 188 LIB.
970 151 1024 188 11.
1050 153 1081 187 1.
1679 149 1764 192 255

294 285 533 339 scriptores
564 282 746 333 trutina,
778 293 867 324 non
898 285 968 323 est
998 280 1116 335 quod
1146 279 1288 322 multa
1317 278 1573 333 loquamur:
1730 286 1765 313 30

294 352 357 396 nil
386 354 503 396 intra
533 355 602 394 est
632 350 742 403 olea,
774 350 837 392 nil
869 353 992 392 extra
1022 353 1092 392 est
1121 349 1166 391 in
1199 360 1313 391 nuce
1345 347 1468 400 duri;

294 423 500 466 uenimus
530 421 585 464 ad
618 433 839 463 summum
873 419 1102 463 fortunae:
1132 419 1362 474 pingimus
1393 421 1527 472 atque

292 491 524 547 psallimus
554 493 599 533 et
628 489 850 532 luctamur
882 489 1065 532 Achiuis
1097 488 1271 531 doctius
1303 487 1464 530 unctis.

352 562 390 604 si
420 559 603 603 meliora
633 559 744 610 dies,
775 562 825 601 ut
856 558 973 610 uina,
1005 562 1209 612 poemata
1241 556 1404 609 reddit,

293 631 405 673 scire
435 629 581 681 uelim,
614 627 778 671 chartis
808 628 1001 682 pretium
1033 630 1196 682 quotus
1228 626 1415 679 adroget
1446 637 1604 668 annus.
1729 634 1762 661 35

292 700 481 753 scriptor
511 697 670 741 abhinc
699 709 842 740 annos
874 700 1051 739 centum
1084 696 1160 750 qui
1191 695 1371 747 decidit,
1403 694 1520 737 inter

292 767 512 823 perfectos
541 770 808 821 ueteresque
838 765 998 808 referri
1029 765 1164 808 debet
1192 777 1248 807 an
1281 764 1399 807 inter

293 837 395 880 uilis
425 840 557 892 atque
586 836 759 879 nouos?
791 835 994 878 excludat
1022 835 1167 889 iurgia
1196 833 1311 876 finis.

291 904 376 950 ‘est
405 910 536 950 uetus
565 911 697 960 atque
729 907 912 960 probus,
944 908 1122 948 centum
1155 903 1232 958 qui
1262 901 1438 957 perficit
1468 899 1638 944 annos.³

292 977 428 1031 quid‘?
458 977 535 1031 qui
564 975 755 1030 deperiit
785 975 929 1017 minor
960 986 1049 1017 uno
1081 985 1235 1016 mense
1265 973 1339 1015 uel
1370 984 1501 1023 anno,
1729 981 1764 1008 ⁴0

289 1046 406 1089 inter
437 1057 547 1100 quos
577 1044 839 1088 referendus
872 1044 991 1087 erit‘?
1032 1046 1269 1086 ueteresne
1300 1046 1481 1096 poetas·

291 1128 347 1158 an
379 1127 489 1170 quos
519 1117 564 1158 et
593 1126 807 1169 praesens
839 1118 883 1156 et
913 1117 1094 1168 postera
1123 1114 1309 1166 respuat
1339 1110 1496 1153 aetas?

290 1184 390 1228 ‘iste
420 1184 596 1240 quidem
627 1188 804 1227 ueteres
835 1183 952 1226 inter
982 1186 1174 1237 ponetur
1205 1181 1409 1232 honeste,

291 1255 367 1309 qui
396 1254 468 1297 uel
498 1266 651 1296 mense
682 1253 810 1296 breui
841 1252 915 1295 uel
946 1250 1113 1295 *totost
1143 1251 1290 1293 iunior
1321 1249 1468 1293 anno.³

291 1330 393 1367 utor
420 1323 654 1378 permisso,
685 1322 941 1376 caudaeque
970 1321 1085 1376 pilos
1118 1325 1166 1363 ut
1199 1320 1389 1375 equinae
1727 1329 1762 1355 4⁵

292 1393 503 1447 paulatim
535 1392 652 1435 uello
683 1395 727 1435 et
759 1392 889 1435 demo
921 1403 1072 1443 unum,
1106 1391 1236 1433 demo
1268 1390 1402 1432 etiam
1436 1400 1587 1440 unum,

291 1463 394 1506 dum
424 1462 550 1505 cadat
582 1462 734 1505 elusus
765 1461 938 1504 ratione
967 1460 1141 1503 ruentis
1173 1459 1336 1511 acerui,

287 1621 336 1659 33
365 1624 411 1659 T:
435 1620 624 1667 Eutyches
641 1620 684 1656 11
699 1619 723 1656 8
746 1631 782 1666 p.
795 1619 865 1656 478
888 1619 937 1655 Κ.
994 1620 1042 1657 34
1064 1621 1110 1658 S:
1135 1619 1260 1654 Plaut.
1285 1619 1409 1655 Oasin.
1434 1618 1528 1664 prol.
1553 1618 1575 1654 5
1598 1629 1674 1663 sq.:
1724 1617 1764 1653 ui

174 1671 335 1704 utuntur
357 1668 447 1703 uino
469 1672 604 1709 uetere,
627 1667 809 1713 sapientes
828 1669 931 1713 puto,
953 1669 989 1702 et
1034 1667 1071 1701 ui
1094 1665 1255 1702 libenter
1272 1670 1413 1701 ueteres
1430 1668 1599 1711 spectant
1614 1664 1704 1700 fabu
1721 1674 1762 1699 as

170 1714 220 1751 35
242 1716 288 1752 T:
319 1714 544 1760 glossarium
577 1713 654 1748 Mai
685 1714 792 1749 class.
826 1716 923 1748 auct.
961 1712 1015 1748 Vl
1043 1712 1063 1748 I
1094 1713 1164 1748 496
1222 1713 1268 1750 S:
1293 1712 1428 1747 Alcim.
1454 1712 1557 1746 Auit.
1582 1721 1694 1746 carm.
1718 1709 1762 1746 Π

174 1760 261 1797 159:
281 1759 418 1796 ‘scire
442 1759 596 1796 uelim’
613 1760 651 1794 in
677 1758 828 1795 exordio
850 1758 997 1794 hexam.
1032 1759 1079 1796 38
1095 1757 1430 1794 ‘excludat—finis'
1445 1759 1490 1795 T:
1509 1757 1621 1793 floril.
1633 1757 1670 1792 N
1673 1762 1762 1793 ostr.

171 1805 220 1843 39
241 1808 287 1846 S:
312 1806 385 1843 Ou.
400 1810 487 1842 met.
504 1805 582 1841 XV
605 1804 694 1841 817:
717 1804 972 1852 perfectis,
996 1816 1090 1852 quos
1115 1808 1235 1840 terrae
1257 1804 1399 1848 debuit,
1423 1804 1563 1839 annis
1644 1804 1692 1840 46
1714 1805 1761 1842 S:

172 1852 273 1889 Pers.
298 1852 332 1896 6,
355 1853 402 1888 58
424 1863 499 1899 sq.:
524 1851 620 1888 adde
643 1851 786 1888 etiam
811 1862 971 1896 unum,
994 1861 1139 1887 unum
1164 1850 1307 1887 etiam

289 2013 906 2059 9=EFMRyllnadymv
999 2013 1047 2050 31
1071 2013 1180 2048 Nihil
1203 2016 1332 2058 Rsph.
1384 1969 1472 2059 153}
1497 2016 1510 2048 l
1567 2013 1667 2048 intra
1691 2013 1760 2058 est]

174 2072 308 2108 intrest
321 2075 366 2107 M
367 2086 424 2117 pr.
473 2072 593 2108 oleam
613 2071 648 2107 Ω
663 2076 706 2116 cs.
717 2075 812 2117 Epil.
860 2070 915 2106 nil
930 2075 1036 2107 extra
1052 2075 1087 2106 E
1093 2071 1193 2117 γλπι
1206 2083 1228 2106 σ
1238 2074 1261 2106 d
1268 2085 1289 2116 9
1298 2085 1318 2106 υ
1366 2070 1461 2106 nihil
1475 2073 1581 2106 extra
1588 2074 1671 2106 ΕΜ
1673 2074 1757 2106 Ena

171 2133 226 2165 lm
270 2130 318 2167 32
327 2129 490 2167 Venimu
500 2134 551 2166 Ei
597 2129 794 2177 pangimus
810 2144 830 2175 γ
839 2143 862 2174 y
908 2129 957 2166 33
968 2129 1169 2175 luctamur]
1188 2129 1368 2165 saltamus
1377 2133 1551 2174 Eutyches
1598 2128 1759 2174 doctius]

196 2201 216 2222 ο

171 2232 307 2269 dictiue
324 2237 357 2268 R
401 2234 530 2270 scitius
548 2238 733 2279 Eutyches,
749 2238 808 2269 sed
824 2239 899 2269 eius
916 2237 989 2269 cod.
1006 2237 1274 2279 antiquissimus
1290 2237 1363 2269 exh.
1381 2244 1489 2269 alan.
1522 2231 1761 2276 dictionibUS,

171 2294 213 2325 ab
230 2294 341 2326 altera
364 2291 472 2327 citius
540 2291 588 2328 34
602 2291 734 2328 reddat
746 2296 778 2327 R
788 2300 828 2327 ut
843 2295 919 2328 uid.
996 2292 1045 2329 35
1061 2291 1172 2327 cartis
1188 2290 1257 2326 Εἴ
1269 2305 1290 2326 σ
1301 2295 1353 2327 dv
1410 2290 1548 2327 carthis
1565 2304 1587 2335 9
1632 2291 1757 2336 poium

170 2398 215 2429 M
224 2393 243 2428 λ
255 2407 276 2439 9
324 2393 475 2440 adroget
486 2398 556 2430 ΕΒ
563 2395 593 2429 λ’
604 2399 627 2430 d
662 2399 808 2441 arroget
819 2400 863 2430 Μ
866 2409 884 2440 γ
894 2409 1018 2431 πστηυ
1057 2395 1188 2442 a'roget
1201 2410 1222 2441 9
1258 2361 1398 2441 3,Ποςῇ
1410 2399 1446 2430 Ε
1513 2395 1560 2431 36
1580 2393 1716 2430 adhinc
1739 2407 1760 2438 9

174 2450 313 2487 abhinc
333 2459 406 2486 cett.
440 2451 584 2487 decidet
600 2466 619 2497 y
627 2466 685 2497 pr.
725 2467 760 2488 u.
779 2453 823 2488 37
836 2461 927 2497 poet.
941 2468 975 2488 u.
990 2454 1035 2489 39
1048 2458 1179 2489 exhibet
1191 2447 1364 2498 Petropol.
1376 2466 1434 2498 pr.
1507 2452 1552 2489 37
1565 2445 1708 2487 PsectOS
1720 2455 1761 2486 Μ

173 2511 387 2554 ueteresque
410 2512 446 2543 E
455 2513 521 2554 My
535 2521 557 2543 σ
568 2523 588 2553 9
600 2523 634 2544 m
682 2513 871 2545 ueteresne
893 2514 929 2544 Ε
943 2510 1014 2545 132¹
1030 2524 1057 2545 π
1074 2515 1097 2545 d
1108 2525 1128 2545 v
1177 2510 1318 2556 debesst
1329 2514 1365 2545 Ε
1430 2510 1478 2546 38
1503 2508 1599 2545 Vilis
1622 2513 1673 2544 Ei
1690 2512 1760 2543 Ru

172 2566 277 2602 Viles
300 2569 353 2602 Es
380 2574 454 2602 cett.
510 2566 684 2602 excludat
709 2567 743 2602 Ω
765 2571 892 2612 Porph.
916 2572 1016 2612 ylo-w.
1040 2569 1073 2603 Γ
1085 2572 1171 2613 flor.
1191 2573 1306 2604 Noetr.
1424 2568 1473 2604 39
1504 2567 1628 2613 atque]
1661 2570 1700 2602 at
1723 2571 1766 2602 Μ

172 2623 318 2671 perficit
340 2623 716 2669 EFRyA'nodqmv
764 2625 940 2671 perspicit
963 2629 1007 2660 M
1069 2626 1118 2662 40
1144 2625 1245 2670 Quid
1268 2630 1301 2661 R
1348 2627 1426 2673 qui]
1454 2624 1506 2673 qd
1529 2631 1573 2662 M
1635 2626 1683 2662 42
1704 2636 1759 2662 re-

171 2684 283 2728 spuat
295 2685 331 2716 E
335 2685 392 2717 Ma
403 2684 519 2726 γπσά
531 2695 562 2716 a.
577 2695 690 2716 raam
728 2682 935 2728 respuatllll
948 2685 981 2718 R
1003 2685 1150 2728 respuet
1158 2683 1257 2718 Ελύ
1292 2685 1433 2730 respuit
1441 2689 1497 2720 Ml
1511 2688 1534 2719 d
1547 2684 1573 2730 (i
1589 2689 1629 2719 in
1645 2685 1760 2729 ναε.)9

172 2744 250 2775 etas
274 2739 293 2774 λ
386 2739 434 2776 43
463 2739 533 2774 Est
565 2738 732 2786 equidem
758 2742 790 2774 R
810 2753 868 2784 pr.
895 2742 918 2774 d
1011 2741 1058 2775 44
1090 2739 1216 2787 breuia}
1244 2744 1280 2776 E
1324 2745 1404 2778 toto
1428 2745 1485 2777 est
1509 2742 1543 2777 Ω
1589 2745 1670 2778 toto
1691 2755 1757 2778 om.

170 2812 226 2844 est
250 2822 267 2844 ο
358 2809 406 2844 45
435 2808 608 2854 caudeqsl
628 2808 675 2850 [Β
722 2808 887 2854 claudeq,
923 2812 978 2845 Mi
1044 2797 1156 2856 pillos
1180 2810 1201 2844 λ
1261 2809 1420 2856 {equine
1442 2815 1479 2846 Ε
1545 2811 1592 2847 46
1614 2810 1710 2847 uello
1726 2815 1760 2847 R

170 2866 278 2903 demo
302 2879 366 2901 om.
379 2869 415 2900 Ε
430 2879 500 2910 Ρη,
518 2869 600 2900 add.
619 2879 728 2910 supra
748 2880 784 2901 u.
808 2866 842 2901 ἃ,
858 2865 965 2902 demo
1027 2866 1138 2902 etiam
1178 2871 1264 2902 ΕΜ
1274 2881 1293 2913 γ
1306 2880 1427 2913 oymv
1487 2876 1515 2904 ἀ
1529 2868 1618 2904 item
1642 2868 1717 2904 Εἴ
1735 2873 1759 2905 d

171 2924 297 2960 itidem
333 2928 365 2959 R
434 2927 470 2959 et
502 2922 562 2959 ide
591 2936 619 2958 π
696 2925 830 2959 lterum
861 2938 892 2960 w
915 2923 959 2959 II
992 2928 1226 2961 Louaniemis
1301 2940 1336 2961 u.
1362 2927 1406 2962 47
1432 2939 1496 2962 om.
1520 2930 1554 2962 R
1571 2940 1630 2972 pr.
1652 2940 1680 2962 π
1698 2941 1757 2972 pr.

169 2983 215 3019 47
240 2982 350 3018 cadat
374 2981 787 3026 E'FRZ'ndqmvsph.
835 2981 944 3018 cadet
971 2986 1061 3028 Μγσ
