1950 3236
795 139 893 175 LIB.
918 139 949 174 1.
976 137 1031 175 10.
1046 139 1100 175 11.
1662 138 1744 181 207

276 271 456 315 Fidenis
487 271 638 320 uicus;
674 272 819 311 tamen
853 267 942 311 illic
974 270 1126 311 uiuere
1157 266 1331 319 uellem,

279 341 533 394 oblitusque
565 350 779 389 meorum,
811 336 1143 380 obliuiscendus
1176 341 1221 379 et
1250 336 1353 389 illis,

275 410 529 464 Neptunum
561 406 716 461 procul
748 418 772 449 e
803 410 923 449 terra
955 409 1156 460 spectare
1184 404 1419 449 furentem.
1714 414 1746 441 ιο

333 479 411 522 sed
442 489 583 532 neque
614 478 689 531 qui
722 475 875 530 Capua
906 475 1090 518 Romam
1122 476 1248 530 petit,
1278 475 1420 518 imbre
1450 475 1633 529 lutoque

280 559 487 602 aspersus
519 545 638 588 uolet
667 546 712 587 in
745 557 945 599 caupona
976 545 1156 596 uiuere;
1190 556 1271 587 nec
1303 545 1378 598 qui

277 616 418 671 frigus
448 615 638 669 collegit,
669 613 826 656 furnos
858 618 902 656 et
934 613 1090 656 balnea
1118 613 1272 656 laudat

277 690 328 729 ut
356 685 623 729 fortunatam
655 683 785 738 plene
814 683 1087 737 praestantia
1118 683 1279 735 uitam;

277 767 370 808 nec,
403 755 442 798 si
471 757 516 797 te
545 753 721 796 ualidus
751 752 984 795 iactauerit
1013 752 1179 794 Auster
1210 752 1255 794 in
1287 752 1391 804 alto,
1425 769 1431 773 ’
1716 761 1748 787 ιῡ

278 825 441 868 idcirco
471 835 628 866 nauem
660 826 785 865 trans
817 823 1043 876 Aegaeum
1076 833 1197 864 mare
1229 822 1413 864 uendas.

279 893 488 937 incolumi
518 891 698 934 Rhodos
729 895 774 933 et
804 890 1014 945 Mytilene
1044 889 1229 944 pulchra
1260 889 1378 942 facit,
1409 891 1527 944 quod

278 961 467 1017 paenula
497 960 700 1012 solstitio,
731 963 980 1013 campestre
1010 958 1235 1002 niualibus
1266 960 1401 1011 auris,

162 1052 224 1100 30)
247 1054 292 1090 S:
317 1051 401 1087 qu.
428 1051 481 1096 10,
504 1049 685 1087 99—102:
715 1049 847 1093 huius,
880 1049 944 1096 qui
975 1049 1148 1091 trahitur,
1182 1052 1410 1096 praetextam
1443 1060 1587 1085 sumere
1617 1049 1750 1092 mauis,

165 1110 213 1134 an
238 1097 523 1134 Fidenarum
547 1096 901 1142 Gabiorumque
924 1107 1002 1131 esse
1025 1099 1187 1149 potestas
1211 1099 1249 1131 et
1272 1095 1319 1131 de
1341 1107 1516 1131 mensura
1537 1096 1597 1130 ius
1620 1094 1751 1138 dicere,

164 1155 255 1181 uasa.
284 1144 428 1180 minora
463 1143 632 1189 frangere
669 1153 859 1189 pannosus
895 1153 1062 1178 uacuis
1094 1141 1224 1177 aedilis
1258 1141 1490 1178 Ulubris?
1521 1143 1535 1188 ΙΙ
1565 1141 1613 1178 cf.
1638 1141 1750 1187 Verg.

164 1192 256 1227 Aen.
274 1190 332 1227 VI
357 1190 443 1226 773:
467 1189 643 1226 Gabios
667 1188 797 1225 urbem
840 1200 894 1225 ue
918 1188 1142 1232 Fidenam
1213 1188 1260 1224 10
1283 1190 1328 1227 S:
1352 1188 1463 1224 Lucr.
1480 1188 1522 1223 II
1539 1189 1558 1223 1
1577 1199 1630 1234 sq.
1647 1187 1688 1223 B.
1707 1208 1751 1213 ——

163 1236 263 1284 quod
312 1236 434 1272 uidem
459 1236 532 1272 iam
558 1235 654 1271 uidit
678 1235 792 1271 schol.
860 1246 913 1271 or.
939 1235 968 1270 Γ
991 1234 1038 1270 ad
1062 1234 1100 1270 h.
1125 1246 1160 1269 u.
1186 1233 1370 1279 (Lucrecii
1394 1246 1536 1270 sensus.
1567 1234 1631 1270 ille
1653 1235 1752 1270 enim

164 1285 217 1319 ita
232 1284 302 1320 ait:
337 1303 380 1308 —
397 1281 533 1319 ‘Suaue
556 1282 652 1317 mari
675 1292 812 1328 magno
836 1281 1076 1317 turbantibus
1093 1280 1336 1326 (motantibus
1353 1280 1467 1317 schol.
1483 1282 1521 1316 Γ
1532 1281 1570 1325 b)
1594 1291 1754 1327 aequora

165 1330 289 1366 uentis
331 1332 367 1365 et
408 1332 503 1364 terra
542 1328 609 1374 (sic
639 1328 754 1364 schol.
787 1327 882 1364 Hor.
916 1326 992 1372 rb)
1036 1337 1214 1373 magnum
1250 1327 1401 1362 alterius
1444 1331 1663 1372 spectare
1701 1326 1754 1361 la-

164 1375 301 1412 borem’
319 1376 332 1421 ΙΙ
350 1374 560 1422 Archippus
585 1374 687 1421 apud
711 1374 816 1410 Stob.
842 1373 1000 1410 LVIIII
1018 1374 1038 1409 ’7
1058 1373 1127 1409 M.:
1147 1373 1197 1412 ὡς
1221 1373 1290 1418 ἡδὺ
1315 1372 1378 1418 τὴν
1401 1373 1576 1408 θάλατταν
1599 1372 1669 1408 ἀπὸ
1693 1377 1753 1417 τῆς

165 1428 227 1468 γῆς
251 1422 337 1467 ὁρᾶν
359 1421 373 1468 ΙΙ
396 1421 484 1457 item
510 1421 633 1467 Epict.
658 1421 705 1456 fr.
729 1420 861 1457 CXXI
886 1431 922 1466 p.
946 1419 991 1455 27
1017 1419 1144 1454 Diibn.
1180 1421 1193 1464 ΙΙ
1227 1420 1255 1454 A
1288 1420 1337 1455 ul.
1362 1420 1408 1455 de
1436 1420 1557 1466 magia
1581 1419 1623 1454 11
1648 1431 1683 1466 p.
1709 1420 1751 1454 77

165 1468 267 1515 Bip.:
300 1471 495 1529 prospectu
529 1467 654 1510 maris,
686 1469 749 1513 qui
782 1467 875 1502 mihi
911 1466 1144 1512 gratissimus
1169 1470 1236 1509 est,
1259 1430 1414 1501 {iberius
1441 1477 1500 1501 me
1525 1477 1570 1502 ex
1596 1476 1639 1501 ea
1666 1465 1755 1501 frui-

166 1518 292 1550 turum
334 1514 349 1561 Η
403 1513 535 1550 furere'
572 1514 618 1549 de
650 1513 744 1548 mari
776 1513 917 1548 Lucan.
951 1512 986 1548 V
1019 1513 1097 1548 599.
1131 1512 1215 1548 Sen.
1248 1516 1341 1559 trag.
1366 1512 1452 1548 Val.
1485 1512 1641 1548 Flaccus
1672 1512 1754 1554 alii;

166 1560 298 1597 Graeci
320 1560 505 1605 μαίνεσθαι
585 1561 630 1595 11
654 1570 707 1616 sq.
733 1559 852 1605 Epict.
871 1559 959 1594 diss·
977 1558 1018 1594 II
1042 1558 1099 1601 23,
1123 1560 1169 1594 36
1193 1569 1246 1604 sq.
1271 1569 1306 1603 p.
1333 1559 1400 1595 196
1424 1558 1532 1594 Sch.:
1557 1558 1631 1594 οἷον
1653 1559 1691 1593 εἴ
1707 1571 1757 1595 τις

167 1606 281 1642 ἀπιὼν
313 1607 361 1645 εἷς
393 1605 454 1651 τὴν
480 1606 631 1651 πατρίδα
663 1619 725 1650 την
749 1605 874 1640 ἑαυτοῦ
899 1604 961 1639 καὶ
994 1604 1166 1639 διοδεύων
1192 1605 1401 1640 πανδοκεῖον
1432 1604 1541 1640 καλὸν
1572 1604 1758 1649 ἀρέσαντος

166 1653 263 1735 {2²3³
261 1699 273 1734 1
282 1666 314 1734 ιῖ
315 1657 357 1733 ἓέἶ
388 1651 956 1734 ῗέξῧέείοὲοὲἷέαμὲἓιᾱιῗέεἷῗ
984 1651 1189 1732 ῗέἷδέἰξῗῳ
1245 1650 1314 1733 1ἒ3
1322 1651 1509 1736 εὸ-Ἀῖἒέ·
1535 1652 1631 1733 Ϊέεῒ
1657 1649 1756 1733 'iai'-

165 1745 326 1780 multum
342 1744 405 1780 ille
420 1748 456 1780 et
472 1725 579 1780 ter’ris
598 1745 812 1779 iactatus
838 1747 874 1779 et
899 1746 997 1779 alto
1014 1745 1027 1789 ΙΙ
1045 1743 1093 1779 ib.
1110 1742 1130 1778 I
1149 1742 1195 1779 29
1212 1754 1309 1790 sqq.:
1327 1709 1535 1780 iactatffis
1553 1753 1757 1789 aequore

174 1795 254 1828 toto
278 1791 329 1835 (in
354 1790 537 1834 clausula)
559 1789 674 1826 Troas
707 1817 716 1826 .
749 1816 758 1825 .
791 1816 799 1823 .
824 1790 973 1826 arcebat

1067 1861 1098 1883 Vl

283 1894 926 1939 Q=AEFRy2Jvnoqmvz
1020 1895 1241 1940 SlllcusE
1325 1893 1574 1938 90blitus1p
1621 1893 1754 1939 ipsisv

166 1954 214 1990 10
235 1953 272 1989 N
275 1956 461 1999 uptunum
484 1957 535 1988 Rl
587 1958 705 1988 eterra
719 1956 777 1988 uel
794 1964 813 1988 e
829 1955 927 1988 terra
944 1951 1143 1987 Fk'nmvz
1159 1957 1240 1987 item
1252 1955 1437 1987 Pseudaor.
1454 1960 1486 1987 et
1502 1955 1599 1987 codd.
1616 1955 1757 1987 Lucreti

167 2010 210 2047 II
234 2012 252 2046 1
278 2025 328 2056 sq.
378 2016 402 2054 y
429 2013 488 2055 (=
506 2011 558 2056 et)
573 2013 672 2046 terra
687 2014 740 2045 Aa
790 2013 819 2044 ἀ
844 2013 940 2045 terra
956 2013 991 2044 E
1035 2013 1179 2045 exterra
1202 2009 1527 2055 A1Ryvoycwmo’z
1575 2020 1720 2055 sperare
1735 2023 1756 2054 9

169 2070 212 2105 11
245 2069 310 2105 Set
341 2083 360 2114 y
425 2068 502 2115 qui]
533 2079 584 2115 qu
609 2069 686 2113 (sic)
710 2072 746 2103 E
805 2067 920 2115 lutoq‚
946 2072 977 2103 R
1047 2067 1093 2120 12
1117 2068 1301 2114 Aspersus
1329 2067 1364 2102 Ω
1380 2071 1468 2112 Pph.
1532 2078 1701 2114 caupana
1723 2072 1760 2102 Ε

169 2160 215 2196 13
238 2160 385 2207 collegit
407 2165 440 2196 R
485 2160 613 2196 fornos
636 2164 764 2205 ΡονῬΙι.
781 2165 822 2195 in
837 2166 982 2206 interpr.
1014 2126 1146 2196 fgrnos
1168 2160 1238 2205 λῳ,
1262 2164 1323 2196 sed
1338 2165 1378 2195 in
1395 2174 1424 2206 (p
1468 2159 1596 2208 §nihil
1619 2169 1668 2196 est
1683 2165 1757 2196 nisi

170 2222 306 2263 azynum
328 2222 453 2254 scholii
476 2222 523 2253 ad
545 2223 737 2263 marqinem
768 2222 949 2264 adscripti,
982 2223 1022 2254 in
1044 2219 1070 2253 λ’
1089 2222 1221 2254 scholia
1246 2222 1389 2254 desunt:
1415 2222 1756 2264 cognationiehorum

173 2312 337 2344 libr-emm
360 2314 574 2346 memorabile
599 2324 682 2346 sane
706 2314 880 2346 indicium
934 2311 1064 2348 furnos
1089 2325 1120 2356 ψ
1169 2311 1298 2346 furnos
1323 2319 1398 2346 cett.
1415 2314 1504 2356 Pph.
1550 2310 1676 2346 laudet
1702 2315 1751 2346 A1

174 2366 219 2401 14
242 2365 292 2400 Et
314 2369 362 2401 Fi
380 2370 409 2424 li
464 2367 514 2402 Ut
529 2368 560 2409 λ,
577 2371 637 2403 sed
655 2368 689 2404 U
706 2382 728 2402 a
743 2373 927 2403 miniatore
975 2368 1105 2414 plenae
1122 2373 1152 2404 A
1200 2369 1405 2414 prestantia
1419 2372 1504 2414 Fyz
1551 2366 1760 2414 prestancia

380 2426 395 2441 Ε

381 2426 409 2447 ..1
420 2439 427 2447 ·

174 2457 193 2491 λ
241 2457 286 2492 Ιέ)
299 2456 336 2492 N
337 2468 394 2493 ec·
407 2462 444 2493 te
456 2472 484 2503 φ
516 2458 595 2495 Nec
610 2462 648 2494 te
665 2461 696 2494 si
715 2473 767 2504 vy
817 2460 896 2495 Nec
912 2461 943 2495 Si
960 2463 997 2496 te
1010 2468 1083 2496 cett.
1093 2463 1181 2505 Pph.
1265 2460 1311 2496 16
1334 2459 1486 2495 Idcircti
1508 2462 1546 2494 Ε
1558 2473 1597 2494 etc
1615 2458 1757 2494 Idcirco

175 2514 312 2550 Iccirco
336 2527 479 2550 acumen:
549 2515 692 2552 Idcirco
709 2525 782 2552 cett.
854 2520 982 2553 nanim
1008 2522 1060 2553 Aa
1087 2521 1139 2552 Ra
1163 2531 1196 2551 m
1216 2528 1254 2552 za
1328 2527 1465 2552 nauem
1481 2521 1532 2551 A1
1552 2520 1603 2551 121
1626 2527 1663 2551 21
1683 2523 1757 2551 cett.

176 2582 351 2618 aegaeum
384 2576 415 2606 A
428 2576 460 2607 R
471 2586 490 2617 γ
502 2586 522 2607 ν
588 2583 740 2619 aegeum
772 2588 798 2608 π
814 2588 845 2619 ψ
864 2578 876 2609 l
893 2589 910 2609 z
973 2585 1101 2620 egsum
1146 2575 1209 2609 Ελ
1226 2587 1248 2609 σ
1260 2589 1288 2619 φ
1302 2588 1323 2619 9
1334 2588 1368 2609 m
1380 2588 1400 2609 v
1493 2575 1538 2610 17
1571 2573 1758 2610 Incolumi

176 2629 644 2674 AE’FRst'nvaph.
739 2631 920 2667 Incolomi
960 2644 1138 2676 yvoqm
1231 2631 1369 2667 rhodos
1405 2630 1759 2676 AEFRyz'vn

176 2697 272 2732 0292
304 2686 448 2723 rodosv
480 2686 619 2723 rhodus
629 2699 668 2723 σι
688 2701 723 2722 m
755 2689 930 2733 mytilene
952 2693 1006 2734 apl
1052 2689 1241 2734 mytylene
1259 2694 1288 2723 A
1303 2699 1342 2734 γε
1389 2688 1613 2734 mittyleney
1675 2699 1760 2734 mye

175 2744 288 2780 tilene
303 2748 336 2779 R
371 2745 579 2790 myetylene
594 2758 613 2779 ν
648 2745 814 2780 mitilene
830 2749 960 2780 Eomv
989 2745 1183 2791 myrtilene
1197 2746 1217 2780 λ
1250 2746 1426 2791 mitylene
1437 2756 1475 2790 γι
1493 2759 1522 2790 φ
1553 2744 1730 2792 mitylene
1741 2760 1758 2780 z

178 2800 379 2847 mithylene
401 2815 428 2836 π
521 2801 567 2837 18
589 2801 763 2857 JJaenula
794 2806 826 2837 A
842 2806 925 2837 ER
939 2817 959 2838 ν
973 2816 1000 2837 π
1017 2806 1102 2848 sph.
1120 2806 1248 2847 Por-ph.
1297 2803 1462 2839 Poenula
1488 2817 1509 2847 9
1557 2803 1660 2839 Pen:
1685 2811 1759 2839 cett.

179 2905 342 2941 solsticio
365 2919 384 2939 ν
400 2918 421 2940 σ
435 2919 456 2949 9
496 2862 649 2941 solst‘issc‘iol
667 2906 686 2940 λ
712 2906 789 2952 (sic)
866 2906 1021 2942 solsticio
1053 2921 1072 2941 v
1101 2920 1123 2951 9
1214 2906 1374 2943 solstitio
1418 2911 1454 2943 et
1492 2910 1698 2954 campestre
1727 2921 1761 2943 m

176 2966 363 3009 ciprestre
385 2962 404 2996 λ
451 2961 613 2998 iualibus
637 2974 676 3008 91
727 2963 828 3000 horis
853 2974 891 2999 σι
943 2964 1044 3000 auris
1060 2974 1101 2999 os
1117 2972 1190 3000 cett.
