1950 3236
210 156 266 199 28
741 152 940 189 HORATI
965 152 1177 189 SERMON
1180 151 1262 189 VM

207 289 242 316 50
325 283 369 322 et
397 280 630 323 iactantior
659 280 730 322 hic
760 278 956 333 paulost:
989 279 1228 322 concinnus
1260 280 1412 323 amicis

326 348 525 402 postulat
554 352 604 390 ut
634 348 851 390 uideatur.
883 350 927 389 at
959 349 1027 389 est
1057 347 1345 391 truculentior
1375 353 1506 403 atque

320 417 421 471 plus
453 428 594 470 aequo
626 416 761 458 liber:
791 415 975 469 simplex
1005 415 1221 470 fortisque
1251 416 1480 460 habeatur.

323 485 488 528 caldior
520 488 610 526 est:
642 484 757 526 acris
787 484 903 526 inter
933 487 1206 527 numeretur.
1238 486 1407 540 opinor,

321 553 429 595 haec
458 565 530 595 res
562 557 606 594 et
634 553 791 606 iungit,
822 554 996 595 iunctos
1027 557 1071 596 et
1102 559 1254 597 seruat
1283 555 1461 598 amicos.

204 633 238 659 55
320 625 365 664 at
393 634 474 663 nos
505 621 696 663 uirtutes
726 621 845 675 ipsas
876 621 1140 665 inuertimus
1171 626 1303 677 atque

320 690 538 732 sincerum
571 690 774 743 cupimus
805 703 885 732 uas
915 690 1175 734 incrustare.
1207 692 1374 745 probus
1406 693 1504 747 quis

317 759 545 801 nobiscum
578 759 703 809 uiuit,
733 759 919 801 multum
952 760 1171 803 demissus
1202 761 1356 803 homo:
1387 761 1450 804 illi

317 827 444 869 tardo
475 839 732 880 cognomen,
763 828 918 881 pingui
949 827 1119 871 damus.
1149 828 1219 871 hic
1248 828 1360 883 fugit
1391 831 1534 878 omnis

314 896 500 938 insidias
530 895 727 950 nullique
758 896 873 939 malo
904 896 1021 939 latus
1052 897 1175 940 obdit
1204 902 1419 952 apertum,

202 974 235 1001 60
318 977 414 1007 cum
448 976 588 1018 genus
618 964 700 1007 hoc
730 965 846 1007 inter
877 966 995 1007 uitae
1026 970 1244 1018 uersetur,
1278 967 1353 1009 ubi
1384 968 1498 1010 acris

316 1033 483 1075 inuidia
513 1036 645 1086 atque
675 1034 829 1087 uigent
858 1034 935 1075 ubi
965 1034 1170 1076 crimina:
1201 1047 1281 1088 pro
1313 1035 1426 1078 bene
1457 1048 1564 1079 sano

319 1114 369 1143 ac
400 1113 487 1143 non
518 1101 695 1144 incauto
725 1101 874 1144 fictum
907 1107 1190 1157 astutumque
1222 1116 1447 1147 uocamus.

317 1170 558 1224 simplicior
589 1171 688 1223 quis
718 1175 762 1214 et
794 1175 872 1224 est,
906 1172 1080 1226 qualem
1113 1184 1183 1214 me
1215 1185 1346 1226 saepe
1377 1173 1568 1216 libenter

320 1239 556 1293 optulerim
588 1240 683 1290 tibi,
714 1240 962 1292 Maecenas,
994 1244 1044 1282 ut
1073 1239 1190 1283 forte
1221 1241 1443 1295 legentem

199 1317 232 1344 65
316 1312 394 1350 aut
423 1309 603 1351 tacitum
634 1309 832 1362 impellat
862 1309 1021 1362 quouis
1052 1321 1267 1362 sermone,
1299 1310 1528 1353 emolestus

313 1378 534 1419 communi
565 1389 698 1419 sensu
730 1377 861 1431 plane
892 1374 1026 1419 caret’
1056 1378 1295 1431 inquimus.
1327 1379 1451 1432 eheu,

311 1476 358 1513 56
380 1478 425 1514 S:
451 1475 617 1512 Lucilius
641 1476 680 1512 in
704 1479 836 1523 quarto
860 1480 1069 1512 saturarum
1096 1479 1154 1521 (=
1177 1478 1240 1513 III
1263 1478 1309 1514 20
1333 1478 1375 1514 L.
1401 1479 1468 1523 Μ.)
1492 1506 1495 1508 .
1560 1479 1606 1515 57
1629 1480 1675 1517 S:
1699 1479 1775 1516 Cic.

197 1533 263 1568 pro
294 1522 393 1558 Mur.
422 1522 478 1567 40,
510 1523 574 1557 87:
605 1523 654 1558 sit
686 1522 787 1568 apud
819 1532 887 1558 uos
918 1522 1118 1558 modestiae
1147 1523 1261 1568 locus,
1293 1524 1343 1559 sit
1373 1524 1593 1560 demissis
1625 1523 1775 1560 homi-

198 1568 340 1602 nibus
365 1568 577 1614 perfugium
691 1569 738 1605 59
769 1570 813 1606 S:
847 1567 1037 1604 Commod.
1069 1569 1238 1605 instruct.
1264 1569 1306 1605 ΙΙ
1331 1570 1387 1614 35,
1410 1570 1452 1606 8:
1489 1570 1607 1606 obde
1636 1570 1775 1605 malis

196 1617 322 1659 pectus
415 1615 461 1650 64
484 1616 528 1652 S:
555 1614 625 1650 Ou.
642 1619 727 1650 met.
752 1614 836 1650 IIII
860 1613 949 1650 315:
975 1614 1100 1650 forte
1123 1615 1266 1661 legebat
1289 1616 1339 1662 (in
1364 1616 1492 1660 olaus.)
1594 1615 1642 1652 66
1664 1615 1776 1652 ‘com-

198 1659 548 1705 muni—inquimus?
571 1663 615 1697 T:
641 1659 821 1705 Eutychis
841 1664 908 1696 art.
926 1660 967 1695 II
981 1660 1026 1695 10
1042 1672 1077 1707 p.
1091 1661 1159 1697 480
1174 1661 1222 1697 Κ.
1269 1663 1313 1700 S:
1339 1661 1423 1697 Sen.
1436 1662 1482 1697 de
1496 1661 1615 1698 benef.
1627 1661 1648 1697 1
1663 1660 1717 1706 12,
1733 1662 1774 1698 3:

197 1705 244 1739 sit
275 1705 313 1739 in
339 1704 517 1742 beneficio
541 1717 707 1741 sensus
739 1717 880 1742 comm
893 1706 1015 1741 unis:
1049 1710 1206 1753 tempus,
1235 1707 1356 1744 locum
1381 1707 1561 1751 obseruet,
1588 1718 1774 1754 personas,

196 1751 281 1795 quia
305 1751 499 1786 momentis
523 1751 704 1797 quaedam
726 1755 831 1798 grata
854 1755 889 1787 et
911 1752 1058 1798 ingrata
1081 1757 1170 1788 sunt

305 1853 1236 1900 52=BDEFM723(zll)vo(a)9mu(x)z
1352 1855 1538 1892 50EtM
1578 1855 1770 1890 eswomn.

192 1913 321 1944 Bland.
409 1910 569 1955 pauloet]
612 1911 723 1957 paulo
755 1917 810 1946 est
842 1912 876 1946 Ω
969 1913 1099 1958 paulos
1140 1927 1161 1947 x
1189 1927 1221 1947 α.
1250 1926 1335 1947 corr.
1432 1912 1544 1958 paulo
1578 1925 1600 1946 a:
1619 1925 1658 1956 p.
1682 1925 1770 1947 corr.

194 1967 239 2002 51
264 1968 316 2012 at]
343 1966 389 2002 ad
416 1971 447 2002 Β
492 1982 551 2002 uu.
577 1967 713 2004 52—55
738 1982 801 2003 om.
826 1973 861 2003 B
952 1970 998 2005 52
1022 1980 1115 2015 equo
1138 1970 1158 2003 λ
1203 1981 1250 2004 ex
1275 1980 1347 2015 quo
1371 1983 1392 2014 9
1495 1969 1542 2006 53
1565 1969 1713 2005 Caldior
1735 1973 1771 2004 D

194 2024 288 2060 acris
318 2028 465 2070 DEMy
484 2039 559 2060 cum
579 2028 853 2070 GLSuabcry
908 2037 1007 2062 acres
1039 2035 1112 2062 cett.
1160 2027 1297 2073 opicior
1320 2040 1340 2070 9
1456 2027 1503 2063 54
1527 2026 1609 2062 Hec
1631 2031 1692 2071 E9
1740 2035 1771 2062 et

193 2115 313 2162 iungit
336 2130 367 2160 ψ
401 2154 403 2156 ,
459 2117 506 2152 56
531 2086 707 2152 Sincerim
724 2131 755 2162 ψ
798 2117 968 2153 Sincertfi
991 2122 1043 2153 Dl
1095 2118 1280 2164 cupimus]
1307 2118 1470 2163 fugimus
1493 2122 1527 2153 B
1572 2118 1733 2154 furimus
1748 2132 1770 2164 9

190 2172 381 2208 incurtare
397 2177 471 2208 BD
479 2178 530 2208 El
543 2177 586 2208 M
588 2188 621 2208 m
629 2178 715 2218 Pph.
726 2179 852 2219 Porph.
907 2175 1111 2210 incrustare
1136 2179 1168 2210 D
1183 2189 1260 2210 παν.
1271 2180 1305 2210 E
1307 2186 1322 2211 2
1334 2179 1391 2220 Fy
1399 2175 1429 2209 λ’
1439 2189 1458 2210 ν
1467 2188 1488 2210 σ
1496 2189 1516 2219 9
1525 2190 1549 2210 u
1557 2179 1766 2212 2Pseuda0r.

192 2229 741 2276 cuma()‘1ncurtare]minuere
755 2231 892 2267 lectum
909 2235 964 2267 est
982 2235 1018 2268 et
1034 2231 1248 2268 incrustare'
1265 2236 1446 2268 Pseudacr.
1499 2233 1662 2280 pbusllsl
1685 2233 1766 2279 quis

191 2287 210 2320 λ
220 2301 237 2321 z
247 2301 280 2322 α.
290 2301 360 2322 ras.
454 2288 499 2323 57
523 2287 684 2323 multum
700 2292 755 2323 est
771 2302 824 2333 uy
872 2288 926 2323 illi
944 2289 1072 2334 QPph.
1082 2293 1265 2324 Pseudacr.
1300 2289 1359 2326 ille
1377 2304 1397 2334 q
1417 2291 1429 2332 (
1437 2291 1450 2335 )
1531 2290 1578 2326 58
1591 2289 1720 2336 pingui
1735 2289 1770 2324 Ω

189 2347 276 2388 Pph.
286 2348 470 2380 Pseudacr.
526 2345 673 2391 pinguis
697 2359 719 2389 y
732 2346 768 2391 ()
823 2345 967 2391 damus]
994 2346 1093 2382 dom'
1116 2351 1152 2381 E
1153 2361 1210 2391 pr.
1221 2356 1299 2382 autl
1350 2347 1479 2382 de'mus
1503 2350 1590 2391 Pph.
1645 2347 1765 2382 omnis

191 2405 510 2446 EMyvmpr.cum
523 2405 684 2446 GLSub
695 2411 759 2437 ort
806 2414 932 2439 omnes
957 2412 1029 2438 cett.
1169 2404 1216 2440 59
1239 2404 1336 2439 malo
1361 2417 1425 2438 om.
1435 2407 1533 2448 Mpr.
1581 2403 1660 2439 odit
1682 2404 1765 2448 λΡν.

191 2463 358 2504 opertum
382 2463 503 2504 Dvpr.
513 2468 552 2494 ut
567 2463 642 2495 uid.
733 2460 781 2496 60
792 2463 957 2495 uersetur
973 2461 1007 2495 Ω
1042 2471 1230 2496 uersemur
1249 2464 1395 2505 Cmqm'z'
1411 2465 1482 2496 cod.
1500 2469 1567 2496 uet.
1580 2464 1766 2496 Pseudacr.

191 2549 267 2595 ubi]
291 2550 383 2586 hubi
406 2551 425 2585 λ
472 2519 564 2586 acries
588 2565 622 2586 m
668 2562 710 2586 ac
733 2562 790 2586 res
813 2555 848 2586 B
878 2566 913 2586 u.
928 2552 970 2587 61
997 2565 1060 2587 om.
1070 2556 1164 2596 Epr.
1175 2556 1256 2589 add.
1265 2556 1306 2586 in
1320 2566 1427 2597 mary.
1441 2556 1517 2587 ead.
1526 2565 1570 2587 m.
1639 2552 1686 2588 61
1709 2552 1765 2587 in-

190 2606 290 2641 uidia
314 2609 435 2653 atque]
459 2607 646 2655 inuidiatq
669 2612 702 2643 B
748 2608 873 2644 Inuidi
897 2613 979 2655 atqg
1003 2623 1023 2654 9
1101 2609 1148 2645 62
1170 2610 1223 2644 At
1246 2613 1434 2654 Da.ras.9
1474 2609 1630 2659 fictfiqu
1661 2609 1766 2645 uictl‘i

189 2666 239 2696 Ei
334 2665 381 2701 63
405 2665 610 2711 Simplitior
625 2669 709 2700 EM
711 2680 730 2711 y
777 2667 859 2712 quis
883 2670 919 2701 et
942 2667 1009 2713 est]
1035 2667 1150 2713 siquis
1175 2670 1230 2702 est
1252 2668 1311 2713 μί)
1360 2679 1446 2713 sepe
1467 2681 1488 2702 σ
1495 2681 1516 2711 9
1570 2667 1709 2703 libent²
1731 2670 1768 2702 Ε

189 2718 294 2754 libets
316 2734 336 2763 9
382 2721 523 2767 legente
546 2736 690 2757 vastas.
796 2724 843 2760 64
867 2723 1076 2770 Optulerim
1090 2729 1181 2770 D1p1
1196 2729 1529 2769 cumanulichem.
1554 2723 1762 2760 Obtulerim

188 2783 261 2810 cett.
309 2787 496 2813 maecenas
515 2783 656 2815 BFMv
692 2792 861 2828 mecenas
878 2795 898 2826 γ
931 2792 1097 2818 mecenas
1111 2790 1217 2817 cett.a
1264 2786 1330 2817 aut
1352 2782 1417 2817 λά
1452 2779 1546 2819 haut
1560 2797 1591 2828 ψ
1615 2779 1719 2821 haud
1733 2794 1762 2826 φ

189 2831 291 2867 haud
314 2846 421 2867 vuar.
435 2846 470 2869 21
522 2840 564 2871 ut
588 2846 742 2873 cetuaza
838 2839 885 2875 65
908 2838 1062 2885 inpellat
1079 2839 1167 2874 Ελν
1213 2839 1341 2886 ipellat
1355 2854 1377 2884 9
1423 2839 1589 2886 impellat
1612 2838 1762 2883 cett.a()

189 2889 334 2935 quouis]
366 2891 447 2935 quis
478 2896 520 2926 M
561 2895 749 2940 molestus]
783 2896 970 2932 modestus
994 2897 1143 2932 Fst'za,
1157 2911 1243 2932 corr.
1359 2897 1406 2934 66
1429 2898 1551 2944 plane]
1577 2896 1638 2943 pia
1659 2906 1707 2931 ne
1727 2899 1762 2930 B

186 2946 307 2982 heheu
331 2961 354 2981 u
