1950 3236
851 157 949 194 Lis.
974 157 1027 194 11.
1053 160 1084 194 1.
1672 162 1756 204 263

281 286 432 330 intulit
461 286 627 341 agresti
658 286 805 330 Latio:
838 286 901 330 sic
930 286 1138 330 horridus
1168 286 1244 330 ille

284 354 465 400 defluxit
493 366 709 398 numerus
742 355 993 408 Saturnius,
1026 360 1069 399 et
1101 368 1239 411 graue
1269 357 1394 400 uirus

284 424 524 468 munditiae
554 423 790 478 pepulere;
823 425 902 468 sed
932 425 976 467 in
1008 425 1190 480 longum
1222 428 1372 468 tamen
1403 437 1554 468 aeuom

285 496 543 536 manserunt
573 492 793 546 hodieque
827 497 1011 536 manent
1041 494 1232 548 uestigia
1262 494 1393 537 ruris.
1708 502 1759 530 160

345 574 471 606 serus
502 562 618 605 enim
653 561 836 605 Graecis
868 562 1067 606 admouit
1096 563 1300 606 acumina
1330 563 1492 606 chartis

289 636 334 676 et
361 636 463 687 post
493 632 661 675 Punica
690 632 808 675 bella
839 634 1017 687 quietus
1049 645 1263 687 quaerere
1294 634 1454 687 coepit,

289 702 395 756 quid
426 701 666 756 Sophocles
698 705 742 744 et
771 701 960 756 Thespis
991 705 1036 745 et
1065 701 1308 757 Aeschylos
1341 702 1451 745 utile
1479 701 1661 745 ferrent.

289 771 522 826 temptauit
552 783 727 826 quoque
756 783 851 814 rem
883 772 922 814 si
953 771 1085 825 digne
1116 775 1293 814 uertere
1323 774 1490 826 posset,

288 844 335 883 et
363 840 527 895 placuit
558 841 655 893 sibi,
687 844 849 884 natura
882 841 1084 884 sublimis
1116 844 1161 884 et
1190 853 1314 884 acer:
1712 851 1760 878 1⁶⁵

290 923 391 953 nam
423 910 561 965 spirat
591 910 808 964 tragicum
841 911 950 953 satis
980 914 1024 953 et
1053 908 1241 953 feliciter
1272 911 1419 963 audet,

290 980 370 1023 sed
399 983 574 1035 turpem
606 983 735 1034 putat
766 980 926 1023 inscite
956 979 1205 1034 metuitque
1236 979 1430 1023 lituram.

290 1049 495 1102 creditur,
527 1061 580 1092 ex
609 1049 756 1092 medio
789 1050 895 1104 quia
925 1062 997 1092 res
1028 1050 1227 1101 arcessit,
1259 1048 1424 1092 habere

175 1138 383 1174 XXXIIII
398 1139 432 1183 4,
449 1139 488 1175 3:
505 1139 579 1175 iam
594 1139 632 1175 in
646 1137 841 1176 Graeciam
854 1139 1059 1186 Asiamque
1069 1138 1366 1174 transcendimus
1381 1138 1555 1174 omnibus
1567 1137 1765 1174 libidinum

174 1185 353 1221 illecebris
376 1185 532 1232 repletas
556 1189 593 1222 et
615 1186 734 1231 regias
758 1186 868 1221 etiam
895 1189 1136 1221 attrectamus
1160 1196 1290 1230 gazas:
1314 1195 1358 1221 eo
1381 1184 1467 1230 plus
1482 1184 1616 1221 horreo
1647 1183 1767 1229 Cato),

175 1243 199 1266 n
214 1243 234 1266 e
256 1231 370 1268 illae
385 1233 532 1278 magis
547 1243 619 1269 res
638 1242 721 1267 nos
738 1232 1119 1279 ceperint,quam
1137 1242 1206 1267 nos
1221 1230 1597 1276 illasno11.fast.111
1611 1232 1629 1266 1
1657 1231 1676 1265 1
1694 1242 1712 1266 s
1740 1242 1767 1266 ,ε

175 1277 341 1313 nondum
373 1278 575 1315 tradiderat
605 1279 763 1315 uictas
791 1277 1070 1315 uictoribus
1095 1283 1223 1313 artes
1248 1276 1480 1323 Graecia„
1498 1277 1585 1314 Sen.
1608 1275 1699 1324 phil.
1755 1304 1764 1312 .

175 1325 220 1358 42
245 1335 280 1370 p.
306 1324 375 1360 42¹7
407 1324 545 1361 Haase:
571 1325 661 1362 uicti
686 1324 890 1361 uictoribus
915 1325 1013 1371 leges
1038 1323 1222 1359 dederunt
1253 1324 1267 1370 ΙΙ
1295 1323 1413 1359 Rutil.
1438 1324 1589 1360 Namat.
1622 1323 1643 1359 I
1678 1321 1766 1359 398:

178 1371 467 1417 uictoresque
501 1381 588 1408 suos
619 1371 723 1407 natio
754 1371 884 1406 uicta
917 1370 1091 1417 premit
1108 1371 1120 1415 ΙΙ
1139 1370 1224 1406 Sen.
1247 1372 1293 1405 de
1315 1368 1396 1405 uita
1418 1369 1528 1405 beata
1552 1370 1608 1413 14,
1631 1368 1675 1404 2:
1698 1368 1767 1405 ha-

178 1416 304 1452 bentes
328 1428 480 1463 magnas
498 1418 711 1465 uoluptates
725 1417 765 1452 in
783 1428 961 1464 magnum
980 1417 1122 1451 malum
1147 1427 1297 1452 euasere
1319 1419 1581 1462 captaeque
1603 1426 1770 1462 cepere

177 1463 246 1500 158
269 1462 452 1499 ‘defluxit’
476 1466 520 1502 T:
545 1464 604 1500 fra
631 1476 680 1500 m.
704 1475 861 1509 gramm.
886 1463 976 1499 Bob.
1002 1462 1082 1499 VII
1109 1473 1144 1508 p.
1161 1461 1231 1498 544
1255 1462 1302 1497 Κ.
1374 1462 1444 1498 160
1467 1461 1638 1508 tuestigia
1659 1461 1768 1497 ruris’

175 1512 222 1546 T:
246 1508 376 1555 fragm.
391 1520 546 1556 gramm.
559 1511 614 1547 Bo
642 1538 652 1547 .
665 1509 746 1547 V11
765 1520 801 1556 p.
814 1509 883 1546 544
895 1509 943 1545 K.
1022 1509 1093 1545 166
1104 1510 1148 1547 S:
1176 1508 1303 1554 Eurip.
1319 1508 1451 1544 Bacch.
1465 1508 1552 1544 640:
1570 1507 1639 1543 κᾶν
1653 1507 1770 1543 πνέων

176 1555 265 1600 ἔλθῃ
289 1555 378 1601 μέγα
395 1558 409 1602 11
426 1555 520 1593 Stat.
545 1568 574 1592 s.
600 1557 636 1592 V
661 1556 696 1600 3,
720 1557 783 1591 11:
809 1556 925 1592 altum
952 1555 1130 1636 spirans&
1147 1554 1259 1601 Verg.
1282 1555 1376 1590 Aen.
1399 1554 1483 1591 VII
1508 1553 1595 1590 510:
1627 1555 1771 1601 spirans

177 1604 340 1638 immane
366 1604 380 1648 ΙΙ
408 1602 455 1638 cf.
489 1602 647 1647 Quintil.
677 1602 763 1638 inst.
789 1602 828 1637 X
861 1604 893 1648 1,
922 1601 969 1638 96
1001 1601 1062 1647 (de
1132 1601 1283 1655 oratio):
1317 1601 1478 1654 insurgit
1501 1599 1702 1654 aliquando
1734 1604 1772 1636 et

178 1648 309 1694 plenus
334 1652 390 1684 est
413 1647 658 1685 iucunditatis
683 1652 719 1684 et
742 1648 883 1695 gratiae
906 1654 944 1684 et
967 1647 1081 1683 uariis
1105 1647 1238 1693 figuris
1262 1650 1300 1683 et
1330 1648 1455 1683 uerbis
1488 1646 1774 1683 felicissime

176 1693 331 1729 audax
347 1695 360 1739 ΙΙ
379 1694 525 1730 Petron.
540 1695 667 1739 113,5:
681 1695 817 1730 Horati
835 1695 980 1730 curiosa
995 1693 1212 1730 felicitas
1259 1693 1327 1730 167
1346 1696 1391 1731 T:
1409 1694 1559 1740 glossar.
1570 1692 1647 1729 Mai
1664 1692 1772 1729 class.

178 1743 277 1776 auct.
309 1740 411 1776 VIII
443 1741 531 1777 294:
564 1741 734 1787 inscitus]
766 1740 955 1787 insipiens.
997 1739 1197 1776 Horatius:
1231 1739 1307 1776 ‘sed
1338 1743 1447 1787 turpe
1477 1741 1588 1786 putat
1618 1739 1774 1775 inscitae

178 1786 382 1833 metuitque
405 1786 549 1823 liturae'
566 1789 579 1833 ΙΙ
595 1787 693 1823 idem
718 1799 754 1834 p.
771 1786 858 1823 528:
882 1790 919 1822 et
942 1786 1034 1822 haec
1051 1786 1211 1830 inscitia,
1236 1797 1280 1822 ae
1303 1785 1399 1822 idest
1422 1785 1650 1832 ignorantia;
1676 1784 1774 1821 unde

178 1831 358 1868 Horatius
397 1833 437 1868 in
474 1834 657 1880 epistolis:
700 1832 776 1869 ‘sed
815 1836 961 1879 turpem
1027 1835 1110 1868 utat
1147 1832 1316 1868 inscitiae
1361 1833 1566 1878 metuitque
1606 1830 1771 1867 lituram'

178 1878 354 1914 ‘lituram’
378 1882 423 1917 T:
449 1879 580 1926 fragm.
605 1891 759 1926 gramm.
786 1879 954 1916 Bobiens.
1018 1878 1061 1914 II
1084 1889 1121 1924 p.
1146 1880 1215 1915 544
1239 1878 1287 1914 Κ.

295 1960 331 1995 Ω
338 1977 383 1990 =
391 1964 427 1995 Ε
436 1964 519 1995 ΕΜ
524 1963 555 1995 R
563 1974 582 2006 γ
590 1960 620 1995 λ’
629 1975 656 1995 π
665 1973 686 1995 σ
695 1964 718 1995 d
725 1974 805 2005 ymv
854 1961 932 2018 157·
940 1959 1006 1995 lati
1025 1964 1075 1996 El
1128 1958 1272 2013 orridus
1281 1963 1336 1996 Mi
1388 1958 1457 1995 158
1473 1959 1636 1995 numeris
1645 1962 1680 1993 F
1683 1972 1740 2004 pr.
1751 1962 1774 1993 d

179 2063 350 2088 numerus
374 2057 406 2088 R
463 2064 640 2089 numerus
666 2061 740 2088 cett.
789 2019 966 2089 saturnius
991 2066 1010 2097 y
1072 2016 1248 2088 saturnlus
1262 2055 1274 2086 l
1321 2061 1430 2087 uerus
1454 2055 1487 2086 R
1569 2050 1639 2087 159
1666 2051 1773 2085 Mun-

179 2144 297 2180 diciae
319 2145 339 2179 λ
361 2158 383 2179 o
400 2158 435 2180 m
452 2159 472 2180 v
520 2145 692 2192 pepulere
723 2149 791 2191 My
805 2146 824 2180 λ
841 2159 918 2180 uar.
935 2157 962 2179 π
974 2158 995 2179 σ
1007 2159 1028 2189 9
1041 2149 1073 2180 la
1089 2158 1167 2179 aar.
1181 2158 1215 2179 m
1226 2158 1246 2180 v
1293 2111 1494 2190 pepulereR
1543 2142 1720 2190 pepulere
1743 2146 1779 2177 Ε

181 2213 350 2248 peperere
373 2207 426 2239 Ea
441 2217 519 2238 war.
534 2203 605 2238 Εἴ
621 2207 644 2238 d
698 2204 763 2239 sed
782 2204 816 2238 Ω
871 2206 928 2238 set
949 2206 1139 2238 Zalichem.
1196 2213 1332 2238 aeuum
1357 2202 1392 2237 Ω
1444 2216 1479 2236 u.
1504 2202 1575 2238 160
1598 2215 1662 2237 om.
1679 2214 1707 2235 π
1716 2214 1775 2246 pr.

182 2259 250 2295 161
269 2259 410 2306 Sei-ulls
429 2264 460 2295 R
507 2260 618 2296 Serus
636 2269 708 2296 cett.
747 2260 887 2307 graecis
904 2264 961 2296 uel
977 2260 1057 2309 {cis
1080 2263 1323 2306 FRyanh.
1366 2252 1444 2307 gcffis
1458 2263 1502 2295 M
1527 2259 1644 2306 grecis
1668 2259 1740 2293 Ελ’
1756 2271 1777 2292 σ

182 2321 400 2361 deornymv
411 2332 475 2353 om.
487 2322 576 2363 dpr.
612 2319 754 2354 amouit
771 2319 822 2354 λί
869 2320 1051 2355 ammonit
1065 2333 1099 2353 m
1112 2332 1203 2354 cons.
1214 2322 1240 2362 f
1270 2317 1434 2354 charthis
1444 2321 1477 2353 R
1511 2316 1649 2353 carthis
1662 2319 1741 2351 Μπ
1756 2329 1776 2360 9

184 2374 294 2410 cartis
318 2378 353 2409 F
363 2375 383 2409 λ
395 2388 416 2410 σ
431 2389 465 2410 m
477 2390 496 2410 v
544 2376 683 2412 carthis
708 2381 720 2412 l
790 2376 860 2413 162
876 2387 1026 2423 querere
1041 2380 1110 2422 My
1123 2376 1143 2411 λ
1156 2389 1178 2411 σ
1190 2380 1213 2411 d
1224 2389 1258 2411 m
1270 2391 1289 2412 v
1338 2375 1438 2423 cepit
1455 2388 1477 2410 σ
1531 2374 1629 2421 cepit
1645 2388 1675 2419 ψ
1688 2386 1748 2418 ym
1759 2386 1779 2407 υ

185 2432 254 2468 163
270 2431 452 2478 sophodes
465 2436 489 2467 d
499 2447 522 2477 y
532 2447 546 2472 ,·
562 2437 574 2468 l
585 2447 643 2478 pr.
652 2447 782 2478 parum
794 2438 901 2480 liquet
947 2434 1088 2481 thespis
1106 2438 1138 2469 Ε
1145 2448 1172 2469 π
1185 2448 1206 2479 9
1218 2447 1253 2469 m
1299 2432 1465 2479 thesphis
1481 2432 1553 2467 11¹2!
1569 2435 1591 2466 d
1638 2430 1778 2466 thesbis

188 2527 231 2559 M
237 2528 288 2559 Ra
305 2538 324 2569 γ
337 2536 359 2559 o
396 2523 549 2570 helllbis
565 2529 615 2560 121
668 2527 782 2572 tespis
798 2540 817 2561 v
883 2526 1077 2572 aeschylos
1094 2530 1164 2561 Ru
1225 2493 1415 2571 aeschylgs
1439 2528 1519 2560 EF
1577 2522 1780 2559 aeschilosl

189 2581 345 2618 eschilos
369 2582 388 2616 λ
397 2595 454 2626 pr.
469 2585 492 2617 d
539 2581 734 2618 aeschulus
759 2597 778 2628 γ
826 2583 986 2619 eschilus
1008 2587 1053 2618 Μ
1058 2584 1078 2618 λ
1091 2597 1178 2618 corr.
1193 2596 1214 2618 σ
1227 2597 1248 2628 9
1261 2597 1280 2618 v
1293 2596 1371 2618 τιατ.
1420 2582 1592 2628 eschylus
1612 2594 1645 2615 m
1692 2580 1779 2615 esci·
1801 2594 1804 2600 ·

190 2651 262 2674 nus
286 2653 305 2674 υ
383 2639 453 2676 166
475 2643 598 2686 sperat
621 2644 658 2675 Ε
662 2653 720 2684 pr.
768 2639 978 2686 thragicum
1002 2645 1066 2686 Ry
1114 2644 1151 2676 et
1174 2654 1237 2675 om.
1252 2654 1273 2685 9
1355 2641 1422 2677 167
1447 2639 1578 2675 inscite
1601 2637 1732 2673 Ri'm
1751 2651 1779 2683 φ

190 2701 214 2731 d
233 2701 333 2742 9losa.
354 2697 390 2732 Γ
405 2710 494 2732 com.
514 2700 657 2742 qlossar.
678 2701 755 2732 Mai
774 2701 846 2733 loco
862 2702 984 2742 priore
1032 2698 1186 2733 inscitae
1211 2712 1231 2743 y
1251 2711 1329 2733 παν.
1353 2711 1384 2742 ψ
1440 2696 1608 2732 inscitiae
1631 2709 1650 2749 χ
1668 2708 1781 2749 curn-0

187 2793 331 2833 ylossar.
352 2793 430 2824 Mai
448 2793 519 2825 loco
534 2797 624 2834 poet.
673 2788 820 2836 inscicie
844 2802 867 2824 σ
918 2789 1106 2836 inscriptis
1131 2793 1187 2825 uel
1212 2791 1251 2824 in
1269 2789 1418 2835 scriptis
1435 2792 1538 2833 Eym
1591 2743 1782 2834 mssssssssii}

191 2896 211 2917 v
258 2881 296 2916 in
322 2880 425 2917 libris
439 2892 486 2917 m
548 2838 698 2918 inscitia
720 2849 830 2928 puiat
853 2881 939 2929 ΜΟ
1011 2881 1080 2918 168
1104 2881 1194 2928 quia
1217 2885 1266 2916 Ri
1325 2892 1396 2927 que
1428 2884 1478 2916 ΕΞ
1536 2880 1689 2916 arcessit
1722 2893 1743 2914 σ
1759 2883 1783 2914 d

193 2985 365 3022 ai'rcersit
388 2999 408 3031 γ
454 2985 608 3022 accersit
630 2985 702 3021 Εἴ
719 2999 746 3020 π
800 2985 955 3022 accessit
979 2989 1157 3030 EMymv
1215 2953 1392 3031 azllcessit
1416 2988 1448 3019 R
1462 2985 1498 3030 ()
