1950 3236
808 150 861 186 LI
867 151 907 186 B.
931 150 962 186 Ι.
988 150 1043 187 10.
1643 150 1727 193 205

257 283 463 338 pellebat,
494 282 632 324 donec
664 281 808 322 minor
838 281 883 322 in
916 280 1157 322 certamine
1187 279 1320 333 longo
1694 287 1727 312 35

258 351 516 406 implorauit
547 362 655 404 opes
685 349 877 392 hominis
908 349 1171 403 frenumque
1202 348 1392 401 recepit:

259 421 336 464 sed
367 431 578 475 posquam
612 418 754 461 uictor
784 418 955 461 uiolens
989 418 1194 461 discessit
1223 417 1277 459 ab
1308 417 1449 468 hoste,

258 503 346 533 non
380 489 570 544 equitem
603 488 748 539 dorso,
778 500 866 529 non
898 486 1071 529 frenum
1106 486 1277 540 depulit
1307 498 1397 528 ore.

259 560 334 612 sic,
367 559 442 613 qui
471 557 726 612 pauperiem
761 557 933 598 ueritus
964 556 1137 610 potiore
1168 555 1360 598 metallis

256 628 461 671 libertate
491 630 622 677 caret,
654 626 880 668 dominum
913 625 1046 668 uehet
1075 625 1305 679 improbus
1336 628 1468 678 atque
1694 634 1728 660 40

259 698 425 740 seruiet
453 700 694 748 aeternum,
736 695 839 749 quia
869 707 1009 748 paruo
1039 694 1207 737 nesciet
1237 694 1315 736 uti.

259 767 330 809 cui
359 778 447 808 non
479 764 713 808 conueniet
745 776 826 806 sua
856 776 940 815 res,
972 770 1021 805 ut
1051 763 1223 806 calceus
1255 763 1374 814 olim,

260 836 297 878 si
327 835 441 890 pede
471 834 610 876 maior
642 834 737 886 erit,
771 833 1016 885 subuertet‚
1050 833 1088 875 si
1118 832 1277 884 minor,
1308 835 1423 874 uret.

316 905 462 947 laetus
493 906 612 946 sorte
644 908 720 944 tua
750 902 878 945 uiues
911 902 1149 956 sapienter,
1181 900 1334 952 Aristi,

256 986 338 1017 nec
368 985 438 1016 me
469 973 663 1016 dimittes
693 972 1019 1025 incastigatum,
1051 970 1127 1013 ubi
1157 970 1285 1024 plura
1692 981 1725 1006 45

259 1056 428 1097 cogere,
461 1055 589 1097 quam
624 1041 732 1084 satis
765 1045 843 1091 est,
875 1053 925 1083 ac
955 1053 1043 1083 non
1075 1050 1250 1083 cessare
1281 1039 1480 1083 uidebor.

256 1113 444 1166 imperat
474 1116 551 1154 aut
582 1111 723 1153 seruit
753 1109 936 1152 collecta
966 1110 1152 1163 pecunia
1183 1109 1355 1163 cuique,

142 1237 203 1273 ἐὰν
225 1237 317 1283 λάβῃ
341 1235 481 1282 χαλινὸν
504 1235 564 1270 καὶ
588 1234 691 1273 αὐτὸς
715 1234 830 1279 ἀναβῇ
853 1232 904 1268 ἐπ’
932 1233 1038 1268 αὐτὸν
1061 1233 1155 1278 ἔχων
1182 1232 1337 1268 ἀκόντια.
1386 1232 1728 1278 συνομολογήσαντος

140 1283 180 1319 δὲ
203 1283 264 1319 καὶ
288 1282 478 1328 ἀναβάντος
502 1281 576 1317 ἀντὶ
607 1286 668 1316 τοῦ
701 1279 970 1325 τιμωρήσασθαι
1002 1279 1106 1318 αὐτὸς
1138 1279 1342 1314 ἐδούλευσεν
1373 1279 1442 1324 ἤδη
1467 1283 1518 1324 τῷ
1542 1278 1727 1324 ἀνθρώπῳ

139 1331 187 1367 36
209 1331 254 1369 S:
280 1329 374 1366 Stat.
399 1340 427 1363 s.
446 1327 511 1364 ΙΙΙ
535 1329 569 1371 5,
587 1327 651 1363 26:
676 1331 742 1362 tua
766 1326 901 1362 frena
925 1326 1044 1361 libens
1068 1325 1271 1371 docilisque
1295 1327 1450 1372 recepi
1517 1326 1665 1362 37—41·
1681 1326 1726 1363 S:

142 1377 236 1412 Stat.
261 1387 290 1411 s.
315 1375 337 1410 1
361 1375 394 1419 1,
409 1375 455 1410 54
478 1385 550 1421 sq.:
574 1373 636 1408 hic
659 1372 801 1409 domini
826 1371 900 1417 (40)
925 1382 1131 1418 numquam
1155 1371 1316 1407 mutabit
1339 1371 1502 1407 habenas
1526 1375 1728 1418 perpetuus

142 1422 258 1458 frenis
281 1421 369 1468 (38),
392 1426 503 1467 atque
526 1420 591 1455 uni
615 1421 751 1455 seruiet
776 1419 846 1466 (41)
870 1426 971 1454 astro
1039 1418 1085 1454 37
1109 1419 1154 1456 S:
1180 1417 1251 1454 Ou.
1276 1417 1371 1453 trist.
1397 1418 1440 1453 ΙΙ
1465 1418 1551 1453 177:
1574 1418 1637 1454 hic
1661 1417 1728 1453 tibi

141 1469 195 1505 sic
224 1468 350 1504 redeat
379 1470 552 1513 superato
583 1467 738 1502 uictor
771 1465 826 1500 ab
862 1466 1000 1500 hoste
1028 1466 1040 1509 ΙΙ
1074 1464 1145 1500 Ou.
1170 1469 1254 1499 met.
1278 1463 1355 1499 XV
1380 1463 1467 1499 569:
1501 1468 1544 1499 ut
1569 1463 1730 1499 uictor

141 1515 283 1551 domito
305 1514 490 1564 remeabat
512 1512 567 1548 ab
591 1512 727 1548 hoste
817 1511 864 1547 40
887 1522 941 1557 sq.
965 1512 1010 1549 S:
1034 1510 1206 1546 dominus
1226 1527 1270 1539 =
1286 1510 1409 1555 κύριος
1434 1510 1570 1556 (Epict.
1589 1509 1727 1545 enchir.

142 1562 197 1604 14,
220 1559 271 1605 2),
304 1564 419 1596 seruit
438 1577 483 1589 =
502 1559 627 1597 δοῦλός
661 1558 731 1593 ἔστι
763 1557 899 1603 (Epict.
931 1557 1019 1592 diss.
1050 1557 1085 1599 4,
1119 1560 1172 1595 1):
1197 1560 1286 1591 sunt
1310 1557 1457 1591 termini
1481 1557 1680 1592 stoicorum
1709 1556 1725 1602 ΙΙ

140 1606 305 1643 Marcell.
328 1606 428 1652 palin
457 1617 513 1641 en.
536 1606 674 1641 zodiac.
699 1603 766 1639 uit.
790 1603 903 1639 Leon.
927 1602 995 1638 452
1020 1613 1115 1649 sqq.:
1141 1603 1358 1649 turpissima
1380 1614 1438 1638 res
1461 1608 1517 1638 est
1539 1602 1729 1646 nimirum,

141 1653 260 1699 possis
295 1664 380 1688 cum
417 1652 443 1687 li
471 1663 509 1688 er
550 1654 677 1686 uiuere
711 1660 878 1696 paruo,
925 1660 1099 1695 quaerere
1132 1649 1341 1684 seruitio
1378 1649 1526 1685 maioris
1565 1650 1729 1695 praemia

142 1711 284 1743 census,
309 1710 352 1734 ac
374 1697 666 1739 libertatem,
691 1697 770 1732 sine
792 1706 867 1742 qua
890 1695 1077 1731 laudabile
1099 1695 1153 1730 nil
1176 1699 1241 1739 est,
1274 1694 1433 1731 uendere
1463 1699 1501 1731 et
1531 1696 1728 1740 imperium

141 1745 319 1782 domini
356 1744 511 1780 tolerare
542 1742 689 1806 superbi
813 1743 859 1777 41
889 1744 933 1779 T:
969 1741 1079 1777 floril.
1114 1741 1228 1776 Paris.
1259 1740 1353 1777 8818
1365 1750 1393 1776 a.
1452 1742 1653 1788 Augustin.
1689 1742 1727 1775 in

140 1790 374 1838 heptateuch.
391 1790 411 1826 1
427 1791 471 1826 31
519 1791 563 1828 S:
582 1787 714 1825 claud.
731 1789 770 1823 in
788 1788 917 1823 Rufin.
934 1787 953 1823 Ι
970 1787 1041 1823 200
1058 1799 1133 1834 sq.:
1149 1792 1346 1824 contentus
1363 1787 1518 1824 honesto
1536 1787 1730 1823 Fabricius

138 1849 285 1885 paruo
297 1837 313 1883 Η
325 1837 412 1872 ibid.
423 1837 491 1872 215
504 1847 557 1883 sq.
569 1848 577 1871 :
592 1835 735 1871 uiuitur
747 1836 881 1880 exiguo
897 1833 1041 1870 melius,
1065 1838 1200 1869 natura
1214 1834 1328 1869 beatis
1341 1834 1515 1869 omnibus
1529 1845 1606 1869 esse
1618 1834 1730 1874 dedit,

138 1882 602 1965 Ξῖἓωῖὸῖοξὲἒὲῗῗῦἓῗδ
655 1880 1055 1970 αῆἶῑὲξυτέαῗὲἷῖἓ
1069 1880 1184 1961 iffi·
1197 1881 1307 1973 7822*ss
1339 1880 1617 1965 sfffffflffi
1636 1879 1730 1961 vg}

140 1976 174 2020 2,
198 1944 239 2013 ὃρε
255 1976 345 2011 felix
370 1980 469 2011 sorte
492 1979 559 2010 tua
576 1977 588 2020 ΙΙ
604 1938 952 2010 ⁷lyghraeontsRopmul.
969 1953 1018 2008 ΙΙ.
1038 1937 1238 2009 1(Ρ)7;.Ῡε>1ἰ;(
1262 1978 1362 2009 sorte
1377 1984 1446 2007 sua
1483 1954 1490 1961 ”
1515 1953 1660 2009 44—4'6
1682 1974 1728 2010 S:

142 2024 228 2059 Seu.
251 2033 308 2068 ep.
329 2021 363 2066 2,
393 2023 433 2057 4:
465 2021 622 2057 honesta
654 2047 662 2055 .
695 2046 704 2055 .
738 2047 747 2055 .
778 2031 835 2055 res
867 2024 923 2055 est
954 2019 1082 2054 laeta
1113 2023 1321 2065 paupertas.
1352 2019 1417 2054 illa
1448 2030 1535 2055 uero
1567 2029 1642 2054 non
1674 2022 1730 2054 est

140 2073 348 2127 paupertati,
381 2068 412 2103 si
436 2068 534 2103 laeta
558 2071 613 2102 est,
629 2068 641 2110 ΙΙ
660 2066 780 2112 Epict.
806 2066 850 2101 fr.
878 2064 943 2100 129
975 2065 1122 2101 Diibn.:
1154 2065 1348 2110 εὐγνώμων
1379 2065 1399 2099 ὁ
1429 2064 1480 2110 μὴ
1512 2065 1729 2109 λυπούμενος

141 2114 197 2160 sq?
216 2114 269 2154 οἷς
283 2114 334 2160 μὴ
353 2114 424 2159 ἔχει
493 2114 541 2149 45
556 2125 609 2160 sq.
627 2115 671 2151 S:
698 2112 826 2148 Boeth.
839 2122 938 2165 cons.
958 2111 1091 2161 philos.
1108 2111 1297 2165 III-carm.
1314 2112 1348 2154 3,
1363 2112 1404 2146 2:
1429 2122 1503 2146 non
1520 2111 1730 2157 expleturas

142 2163 583 2251 {255333552‘31152s
626 2161 674 2244 ἒῖ
694 2161 840 2242 {s‘ssssd‘e
849 2158 1357 2248 225¹¹13effif³3¹23¹3·1{⁸0¹1?3st¹1222f
1358 2169 1406 2240 {05’
1408 2156 1512 2250 {iffi
1520 2157 1729 2250 18ὲῖξέἓὲιὲὶὲ

260 2310 294 2344 Ω
311 2328 354 2339 =
374 2315 400 2345 A
421 2314 456 2345 Ε
469 2314 504 2345 F
516 2315 547 2346 R
563 2325 582 2355 γ
598 2310 628 2345 λ’
645 2325 664 2345 ν
680 2324 707 2344 π
722 2323 744 2345 σ
758 2325 779 2355 9
795 2324 829 2345 m
844 2324 863 2345 v
880 2324 898 2344 z
991 2310 1038 2347 36
1069 2309 1266 2355 Inplorant
1289 2312 1340 2344 Ri
1400 2307 1611 2353 Inplorauit
1634 2311 1685 2342 Ra
1697 2321 1728 2351 ψ

145 2411 366 2457 Implorauit
378 2421 450 2448 cett.
455 2417 536 2457 flor.
551 2417 665 2449 Nostr.
691 2381 840 2450 frgnum
856 2428 876 2459 9
916 2424 1069 2459 regnum
1087 2427 1124 2455 π,
1141 2417 1182 2448 ab
1197 2423 1228 2448 2.
1246 2426 1354 2447 manu
1369 2425 1539 2456 super-scr.
1556 2415 1571 2445 1
1585 2411 1730 2446 frenum

143 2469 189 2506 37
209 2469 274 2505 Set
288 2483 308 2514 y
353 2480 534 2516 posquam
558 2484 581 2505 a
626 2470 768 2507 uiolens
793 2471 911 2507 uictor
936 2475 970 2506 Ε
977 2484 1089 2515 cumpo
1137 2471 1257 2506 uictor
1276 2468 1418 2505 uiolens
1440 2473 1599 2513 σεῦα-ᾖον.
1613 2471 1730 2503 Νοείν.

145 2526 191 2562 38
203 2526 334 2572 equid&
350 2530 380 2561 Α
393 2540 427 2562 a.
443 2540 529 2562 corr.
585 2527 634 2564 39
648 2528 804 2573 ueritus]
823 2528 968 2574 fugiens
984 2542 1004 2563 ν
1039 2533 1172 2562 ueritus
1191 2531 1227 2562 Ε
1256 2527 1376 2573 priore
1391 2531 1421 2561 A
1436 2540 1493 2571 pr.
1527 2525 1732 2572 potentiore

144 2598 215 2619 πα.
228 2597 298 2618 ras.
387 2584 435 2620 40
458 2584 560 2620 uehit
584 2589 646 2629 Ey
700 2584 810 2620 uehet
841 2593 914 2620 cett.
938 2589 1025 2630 Pph.
1043 2589 1123 2629 flor.
1148 2588 1265 2619 Nostr.
1324 2583 1500 2630 inprobus
1524 2586 1575 2618 Β),
1603 2596 1622 2617 ν
1641 2586 1729 2626 Pph.

144 2645 328 2677 Pseudacr.
337 2645 418 2686 flor.
435 2645 550 2676 Nostr.
574 2641 728 2688 iprobus
738 2655 759 2686 y
782 2641 973 2688 improbus
991 2647 1020 2677 A
1034 2646 1086 2678 Ra
1105 2650 1178 2677 cett.
1226 2643 1271 2677 41
1290 2641 1351 2688 qui
1362 2655 1381 2686 γ
1387 2654 1504 2685 μναθ.
1515 2645 1731 2685 Auyustinue

136 2703 317 2744 florileyia
328 2702 444 2734 Nostr.
462 2707 493 2734 et
505 2703 618 2734 Paris.
635 2698 754 2735 88183ι
771 2710 846 2745 qua
857 2710 896 2734 σι
936 2700 1024 2745 quia
1040 2707 1114 2734 cett.
1147 2709 1264 2745 paruo
1281 2699 1370 2744 quia
1384 2699 1521 2734 nesciet
1536 2711 1556 2732 ν
1590 2697 1730 2734 nesciat

145 2808 174 2838 Α
185 2817 244 2849 pr.
257 2814 294 2839 τι
346 2805 485 2840 nesciet
500 2807 532 2838 A
549 2816 635 2838 corr.
650 2813 688 2838 22
708 2810 782 2838 cett.
799 2806 992 2838 testimonia
1039 2802 1087 2839 42
1103 2802 1160 2847 ut]
1179 2804 1215 2837 et
1231 2805 1266 2836 F
1272 2801 1303 2836 λ’
1317 2816 1334 2836 z
1380 2802 1427 2838 43
1450 2769 1534 2837 υξθῐ
1556 2815 1576 2836 υ
1624 2804 1730 2848 urget

146 2873 268 2906 aqmy
359 2862 406 2896 44
430 2866 551 2896 sortae
575 2863 607 2894 A
655 2859 754 2895 uiuis
779 2863 829 2895 Ei
880 2858 982 2895 eristi
1005 2863 1057 2895 Ει
1153 2859 1201 2894 45
1232 2858 1390 2894 dimittis
1414 2862 1447 2894 R
1462 2871 1520 2894 νπ
1565 2857 1731 2894 dimittes

145 2926 219 2954 cett.
266 2917 432 2954 dimittas
449 2921 489 2962 f1
502 2931 578 2953 cum
591 2921 675 2952 aliis
743 2917 791 2953 46
817 2916 900 2952 fatis
925 2921 946 2952 ὅ
969 2930 988 2962 γ
1036 2917 1092 2962 ac]
1117 2916 1189 2952 hac
1212 2929 1234 2951 σ
1280 2929 1321 2951 ac
1345 2920 1377 2951 R
1459 2916 1504 2952 47
1528 2915 1685 2963 imperet
1708 2929 1731 2951 σ

144 2979 211 3012 aut
227 2976 263 3011 Ω
271 2979 354 3020 flor.
372 2979 490 3011 Nostr.
538 2986 582 3011 ac
604 2976 647 3021 βι
699 2979 821 3010 seruet
844 2985 883 3010 σι
