1950 3236
832 142 929 179 ΜΒ.
954 142 984 178 1.
1010 143 1043 179 6.
1649 141 1729 183 187

262 265 382 308 hunc
413 263 550 307 solem
582 265 627 305 et
657 261 808 305 stellas
840 264 885 303 et
915 260 1172 304 decedentia
1203 259 1334 303 certis

263 338 465 389 tempora
494 331 729 375 momentis
760 334 865 373 sunt
895 330 968 385 qui
1000 328 1236 373 formidine
1266 328 1387 371 nulla

263 403 408 446 inbuti
437 403 658 456 spectent:
693 400 798 454 quid
828 411 983 442 censes
1014 411 1200 442 munera
1228 398 1405 441 terrae?
1712 405 1730 431 5

265 472 370 527 quid
399 470 532 514 maris
563 472 783 512 extremos
814 469 988 511 Arabas
1020 468 1202 511 ditantis
1232 472 1276 510 et
1306 468 1445 510 Indos

264 541 463 584 ludicra?
494 539 600 594 quid
629 538 816 593 plausus
850 541 894 580 et
925 538 1055 581 amici
1086 537 1203 580 dona
1235 536 1456 594 Quiritis?

265 622 353 665 quo
385 608 622 664 spectanda
652 607 799 660 modo,
831 619 918 661 quo
950 619 1085 650 sensu
1117 606 1260 649 credis
1293 609 1337 649 et
1367 607 1475 649 ore‘?

266 680 341 734 qui
371 679 496 722 timet
525 677 594 721 his
625 677 826 729 aduersa,
854 675 948 719 fere
979 676 1165 718 miratur
1196 674 1349 718 eodem

266 761 353 803 quo
385 747 565 803 cupiens
595 749 743 801 pacto:
774 757 915 800 pauor
947 749 1016 788 est
1046 744 1285 798 utrubique
1317 744 1545 796 molestus,
1701 755 1732 780 ιο

265 818 496 873 inprouisa
526 815 657 859 simul
689 815 859 869 species
890 818 1082 857 exterret
1115 816 1365 867 utrumque.

269 887 459 942 gaudeat
488 898 542 928 an
575 884 734 936 doleat,
765 884 913 937 cupiat
944 886 1195 925 metuatne:
1226 882 1331 936 quid
1362 882 1416 925 ad
1448 894 1556 935 rem,

267 957 318 1009 si,
348 955 553 1011 quicquid
584 954 698 997 uidit
727 953 886 996 melius
917 953 1103 1008 peiusue
1134 964 1216 995 sua
1247 964 1339 1004 spe,

268 1025 419 1069 defixis
450 1024 588 1068 oculis
619 1023 854 1078 animoque
885 1026 930 1065 et
960 1033 1145 1076 corpore
1176 1022 1356 1076 torpet?

149 1179 235 1215 qu.
259 1178 294 1222 8,
317 1176 381 1213 20:
415 1174 587 1214 nobilitas
619 1174 722 1212 sola
745 1177 801 1211 est
824 1178 936 1221 atque
958 1174 1101 1209 unica
1124 1172 1244 1209 uirtus
1273 1174 1286 1219 ΙΙ
1315 1172 1391 1209 Cic.
1416 1171 1519 1210 acad.
1543 1171 1564 1207 I
1589 1171 1645 1215 10,
1670 1172 1734 1207 35:

147 1224 261 1271 idque
282 1222 485 1271 appellaret
508 1221 635 1269 (Zeno)
659 1221 869 1264 honestum,
893 1219 994 1267 quod
1016 1222 1111 1256 esset
1134 1219 1292 1266 simplex
1340 1218 1502 1256 uoddam
1526 1221 1563 1255 et
1586 1217 1734 1254 solum

148 1276 187 1307 et
217 1281 356 1307 unum
387 1268 527 1306 bonum
629 1268 654 1306 8
684 1279 739 1314 sq.
770 1269 815 1306 S:
852 1267 963 1303 Luer.
988 1266 1027 1303 V
1052 1265 1142 1302 1216
1173 1276 1253 1313 sqq.
1348 1265 1435 1301 anil.
1459 1264 1526 1300 III
1555 1263 1625 1300 289
1657 1274 1738 1310 sq.:

177 1317 302 1353 aribus
337 1326 402 1362 per
435 1318 648 1361 tempora
684 1324 792 1350 uersa
826 1313 1076 1349 momentis
1116 1311 1273 1348 redeunt
1301 1313 1314 1357 ΙΙ
1348 1311 1486 1348 Gatull.
1518 1310 1562 1347 65
1596 1309 1682 1356 [66],
1714 1311 1736 1344 4

197 1365 241 1402 S:
267 1361 404 1399 Oatull.
429 1362 484 1406 11,
507 1361 548 1396 2:
572 1361 611 1396 in
635 1363 872 1397 extremos
969 1359 1103 1395 etrabit
1126 1357 1292 1402 Indos,
1317 1361 1361 1393 ut
1384 1357 1556 1393 cedant
1579 1356 1735 1393 certis

151 1409 309 1446 sidera
342 1406 636 1455 temporibus
707 1409 727 1444 '7
751 1409 796 1444 T:
821 1405 870 1442 cf.
934 1405 1094 1442 iomedes
1118 1404 1181 1440 lib.
1206 1404 1227 1440 I
1248 1415 1288 1458 p.
1313 1403 1380 1439 327
1406 1403 1473 1440 K:
1507 1403 1665 1439 Flaccus
1697 1402 1733 1436 in

153 1460 282 1538 ⁸⁸¹²&
304 1449 1737 1547 3<u³fi¹iz¹31332¹2535035543321¹{2¹:¹3⁰}3?51{{3¹⁸]58”2?3·fflffiffi

178 1529 187 1538 .
351 1527 360 1537 .
378 1528 387 1536 .
1284 1523 1292 1540 ‚

152 1543 1740 1644 unffi?d„0⁹233e‘125‘2s3‘222533t212?{ulisissssfssetsszffiussussffffiffiasst

152 1640 315 1684 diuitiae,
350 1638 575 1684 uoluptates,
610 1637 741 1679 forma,
775 1636 941 1681 ambitio,
976 1639 1096 1672 cetera
1129 1635 1266 1671 blanda
1300 1638 1336 1671 et
1371 1634 1450 1670 adri
1478 1634 1595 1677 entim
1631 1634 1739 1679 fugat

150 1687 266 1731 labor,
289 1696 401 1727 mors,
425 1685 542 1728 dolor,
564 1683 780 1730 ignominia,
804 1684 928 1719 uictus
952 1681 1173 1718 adstrictior.
1215 1681 1394 1718 debemus
1417 1681 1543 1727 itaque
1567 1681 1738 1723 exerceri,

149 1745 199 1769 ne
228 1732 320 1769 haec
349 1732 617 1774 timeamus,
649 1741 695 1765 ne
716 1729 782 1765 illa
811 1730 1061 1775 cupiamus
1131 1728 1178 1764 10
1200 1738 1253 1774 eq.
1277 1729 1323 1766 S:
1350 1727 1422 1764 Ou.
1447 1727 1533 1763 fast.
1557 1727 1624 1763 III
1648 1725 1738 1762 362:

149 1779 332 1816 sollicitae
354 1781 495 1814 mentes
519 1787 678 1823 speque
701 1779 908 1822 metuque
931 1778 1070 1822 pauent
1139 1776 1185 1810 11
1207 1775 1252 1813 S:
1278 1774 1355 1810 Cic.
1378 1773 1486 1809 Tusc.
1511 1773 1600 1809 1111
1625 1773 1658 1816 6,
1672 1773 1738 1808 12:

151 1824 296 1861 simul
319 1823 461 1860 obiecta
484 1835 502 1859 s
545 1822 670 1859 ecies
695 1825 750 1858 est
773 1821 1004 1868 cuiusquam,
1061 1820 1136 1857 uod
1160 1820 1300 1857 bonum
1324 1819 1506 1863 uideatur,
1529 1819 1577 1855 ad
1601 1819 1640 1855 id
1664 1819 1739 1856 adi-

148 1870 365 1919 piscendum
400 1869 512 1916 impel
527 1869 556 1904 it
590 1869 673 1914 ipsa
707 1871 843 1904 natura
873 1879 903 1903 e.
954 1894 962 1902 .
987 1879 1017 1903 s.
1050 1869 1054 1913 Ι
1097 1866 1207 1903 Lucr.
1235 1866 1278 1902 11
1312 1865 1421 1903 1040:
1457 1866 1626 1902 nouitate
1662 1878 1738 1903 ex-

149 1918 354 1954 territus
378 1916 460 1963 ipsa
527 1914 574 1952 12
601 1916 644 1953 S:
664 1914 775 1967 Verg.
794 1913 886 1950 Aen.
901 1878 959 1950 th
979 1914 1066 1950 733:
1090 1912 1180 1950 hinc
1196 1917 1415 1949 metuunt
1438 1912 1739 1960 cupiuntque,

147 1964 315 2001 dolent
338 1961 643 2009 gaudentque
692 1960 783 2007 quid
806 1960 854 1996 ad
878 1961 970 2005 rem]
1003 1961 1047 1998 S:
1073 1959 1215 1996 anthol.
1240 1959 1324 1995 Lat.
1348 1958 1430 2004 412,
1456 1960 1500 1995 15
1525 1970 1600 2006 sq.:
1626 1959 1738 2006 quid

149 2010 206 2047 ad
228 2021 339 2054 rem,
363 2009 395 2045 ei
419 2008 561 2055 plorem
578 2009 590 2053 ΙΙ
608 2006 683 2043 Cic.
708 2006 755 2042 de
778 2007 812 2042 le
837 2018 871 2053 g.
897 2006 938 2042 ΙΙ
963 2006 995 2051 6,
1023 2008 1082 2043 15:
1115 2006 1195 2042 siue
1218 2005 1292 2041 fuit
1315 2005 1394 2042 siue
1425 2016 1502 2042 non
1526 2005 1612 2049 fuit,
1642 2005 1736 2041 nihil

148 2056 207 2092 ad
230 2067 326 2092 rem
396 2057 443 2092 14
465 2056 513 2094 S:
539 2053 606 2090 Sil.
630 2053 679 2090 It.
704 2052 809 2090 VIII
864 2053 947 2089 253:
984 2052 1136 2088 defixi
1171 2063 1219 2088 ue
1253 2052 1376 2088 omine
1412 2055 1603 2098 torpent
1627 2052 1641 2099 ΙΙ
1667 2053 1738 2088 Ou.

154 2106 239 2139 met.
263 2101 367 2138 XIII
391 2102 478 2138 541:
503 2103 664 2146 torpet
688 2102 725 2135 et
749 2098 907 2135 aduersa
930 2099 1054 2152 figit
1077 2062 1189 2136 mogo
1211 2098 1396 2134 lumina
1419 2101 1518 2134 terra
1534 2098 1548 2144 ΙΙ
1566 2097 1649 2134 Liu.
1674 2098 1739 2134 III

153 2149 210 2192 4¹7,
240 2149 281 2185 6:
313 2154 391 2184 stu
433 2158 484 2183 or
517 2157 643 2183 omnes
675 2145 920 2182 admiratione
950 2156 1005 2182 rei
1036 2149 1114 2181 tam
1145 2145 1282 2181 atrocis
1306 2144 1488 2180 defixit
1520 2145 1532 2189 ΙΙ
1565 2144 1739 2191 Apollon.

154 2194 276 2231 Rhod.
299 2194 364 2230 ΙΙΙ
435 2193 456 2229 2
489 2204 563 2240 sq,:
597 2193 617 2227 ὁ
649 2192 688 2227 δὲ
719 2198 798 2238 σῖγα
829 2193 952 2227 ποδῶν
982 2191 1094 2237 πάρος
1127 2191 1305 2237 ὄμματα
1336 2190 1482 2236 πήξας
1514 2190 1588 2237 ἦστ’
1623 2191 1741 2229 αὔτως

156 2240 335 2286 ἄφθογγος
359 2240 570 2286 ἀμηχανέων
594 2239 762 2284 κακότητι

274 2391 309 2426 Ω
323 2407 369 2422 =
382 2392 644 2436 AEFMRya'
657 2391 1042 2436 (δε)λ’(λῑ)νπσ9ἰηυ
1135 2391 1160 2428 3
1184 2390 1298 2427 Nunc
1321 2390 1352 2425 λ’
1372 2405 1395 2436 y
1443 2390 1662 2427 decedencia
1684 2390 1703 2424 λ
1719 2404 1740 2434 9

158 2447 367 2483 decideneia
388 2461 422 2483 m
490 2451 513 2484 4
536 2449 645 2484 nullu
668 2453 769 2494 Mpr.
841 2449 865 2485 ὅ
883 2448 1015 2485 Inbuti
1030 2448 1109 2484 Md'
1124 2463 1143 2484 ν
1156 2462 1177 2484 σ
1189 2463 1208 2484 v
1256 2448 1399 2484 Imbuti
1418 2448 1742 2493 AEFRyz'nqm

160 2510 266 2552 taerre
289 2509 320 2540 Α
367 2508 461 2542 terre
484 2519 547 2550 qm
604 2521 637 2541 u.
663 2507 685 2541 6
707 2520 771 2542 om.
797 2511 833 2542 Ε
854 2521 925 2552 pr„
950 2511 1032 2542 add.
1058 2510 1134 2542 ead.
1152 2520 1196 2542 m.
1290 2507 1315 2543 6
1337 2506 1466 2542 arabes
1490 2507 1564 2541 ΒΨ
1610 2505 1741 2542 arabas

157 2571 230 2598 cett.
279 2562 439 2598 ditantes
462 2573 500 2599 τε
551 2567 587 2599 et
610 2577 674 2599 om.
688 2569 718 2599 A
776 2565 796 2600 7
821 2564 969 2611 plausus
994 2573 1025 2600 et
1049 2569 1155 2600 amici
1171 2565 1191 2600 ὃ
1260 2565 1285 2601 9
1308 2563 1369 2600 his
1392 2565 1693 2609 ΛΕΜΕγδινπ
1708 2578 1741 2598 α.

159 2634 228 2656 ras.
239 2634 289 2665 σς
299 2624 399 2664 vflor.
409 2623 523 2655 Nostr.
550 2624 604 2655 his
616 2634 650 2655 m
673 2621 705 2656 is
721 2622 829 2666 de.
843 2621 951 2656 rasdl'
963 2636 980 2656 z
991 2635 1096 2666 mcmy
1143 2622 1191 2658 10
1207 2625 1262 2658 est
1278 2635 1342 2657 om.
1352 2635 1468 2666 qamp.
1480 2635 1549 2656 ras.
1598 2621 1742 2656 utrubi-

159 2689 234 2725 que
257 2682 288 2712 A
301 2680 380 2712 ER
425 2676 622 2723 utrobique
654 2685 727 2713 ceto.
751 2682 833 2722 flor.
859 2682 975 2714 Noetr.
1032 2682 1074 2722 cf.
1100 2683 1200 2723 yloss.
1224 2682 1459 2714 Hildebrand.
1478 2692 1517 2723 p.
1542 2677 1623 2722 296,
1656 2678 1742 2715 258:

160 2735 383 2782 ‘utrubique‚
408 2733 584 2780 undique'
600 2734 635 2779 ()
727 2736 773 2771 11
798 2735 1009 2782 Improuisa
1032 2750 1053 2780 y
1112 2735 1222 2782 Inpr:
1248 2744 1322 2771 cett.
1333 2740 1414 2781 flor.
1432 2739 1547 2771 Nostr.
1613 2736 1744 2782 speties

157 2799 187 2829 A
197 2807 215 2827 z
263 2795 421 2828 exterret
445 2791 610 2835 (exterrit
626 2794 695 2838 Rl)
719 2795 921 2839 utrumque
935 2796 971 2828 F'
981 2797 1064 2828 MR
1079 2807 1099 2839 γ
1113 2793 1144 2828 δ’
1161 2793 1192 2828 λ’
1205 2807 1225 2828 ν
1236 2807 1262 2828 π
1275 2807 1296 2828 σ
1307 2807 1328 2838 9
1340 2807 1374 2828 m
1390 2808 1409 2829 v
1417 2797 1498 2838 flor.
1518 2797 1635 2829 Nostr.
1682 2806 1742 2830 ex-

156 2863 291 2898 terruit
314 2865 403 2897 utri-1
435 2865 472 2896 E
544 2862 734 2897 exterruit.
760 2854 963 2907 utrumffis&
990 2866 1021 2897 A
1114 2861 1161 2898 12
1183 2865 1369 2898 metuatne
1392 2875 1412 2897 ν
1474 2865 1663 2900 metuatue
1686 2868 1739 2899 As

149 2925 230 2965 flor.
244 2923 358 2955 Nostr.
405 2922 548 2955 metuat
571 2923 669 2964 Rpr.
716 2921 906 2955 metuatne
930 2927 1004 2955 cett.
1023 2920 1058 2965 ()
1106 2934 1141 2955 u.
1168 2919 1213 2955 13
1238 2933 1302 2955 om.
1327 2931 1379 2955 ml
1454 2921 1501 2958 13
1524 2920 1705 2967 quidquid
1723 2935 1743 2966 9

155 2977 330 3025 quicquid
341 2985 413 3013 cett.
439 2977 592 3024 peiusne
605 2981 638 3012 R
649 2977 669 3011 ὅ
683 2990 705 3021 y
733 2978 872 3023 peiusq,
886 2991 903 3012 z
927 2977 1079 3023 peiusue
1104 2981 1260 3022 cetaflor.
1276 2979 1392 3013 Nom.
1440 2979 1486 3014 14
1497 2978 1621 3015 animo
1634 2982 1670 3015 et
1683 2983 1738 3014 Ml
