1950 3236
831 151 930 187 LIB.
955 152 1011 188 ΙΙ.
1035 151 1068 187 3.
1665 153 1747 195 119

239 284 394 327 ludere
423 296 502 338 par
531 283 688 337 impar,
721 283 922 337 equitare
952 283 998 326 in
1030 282 1280 326 harundine
1309 282 1443 336 longa

242 354 411 408 siquem
443 352 632 396 delectet
662 352 910 406 barbatum,
942 352 1136 395 amentia
1167 355 1330 395 uerset.
1734 399 1737 401 ,

241 424 278 466 si
309 422 523 477 puerilius
554 421 624 464 his
655 421 770 464 ratio
801 434 902 465 esse
932 423 1110 465 euincet
1139 433 1301 475 amare,
1693 431 1746 458 250

241 505 322 535 nec
352 480 583 546 quicquam
616 489 807 543 differre,
839 494 1048 534 utrumne
1078 491 1123 534 in
1154 491 1354 545 puluere,
1387 491 1547 534 trimus

242 561 372 615 quale
402 560 538 615 prius,
568 559 697 603 ludas
728 572 853 614 opus,
885 572 940 602 an
972 560 1218 603 meretricis
1249 572 1399 603 amore

243 630 459 673 sollicitus
488 630 659 684 plores:
691 641 869 683 quaem,
900 628 1096 672 faciasne
1126 629 1244 684 quod
1275 628 1379 671 olim

241 703 440 743 mutatus
471 698 718 742 Polemon?
750 711 890 753 ponas
921 699 1117 754 insignia
1146 699 1305 752 morbi,

239 768 459 822 fasciolas,
492 769 667 820 cubital,
697 768 869 821 focalia,
901 774 1035 823 potus
1066 771 1117 811 ut
1145 767 1222 811 ille
1692 779 1744 806 255

241 838 401 881 dicitur
431 850 483 881 ex
513 838 624 881 collo
655 836 810 880 furtim
843 838 1065 892 carpsisse
1095 849 1294 890 coronas,

240 906 545 962 *postquamst
575 907 778 961 inpransi
808 910 1041 961 correptus
1073 919 1182 950 uoce
1213 907 1448 961 magist-ri?

239 978 432 1032 porrigis
461 977 575 1020 irato
606 989 746 1031 puero
778 989 876 1019 cum
908 989 1054 1030 poma,
1086 979 1287 1029 recusat3

266 1101 337 1138 252
359 1103 404 1140 S:
436 1100 482 1138 cf.
507 1100 591 1137 adn.
615 1113 644 1137 s.
669 1101 690 1136 I
713 1101 748 1143 4,
774 1102 838 1136 111
955 1100 1144 1137 254--257
1182 1103 1226 1139 T:
1267 1101 1411 1137 Fronto
1450 1102 1557 1148 epist.
1601 1102 1649 1138 ad
1690 1102 1743 1138 M.

153 1147 346 1183 Caesarem
380 1147 400 1183 I
434 1149 454 1183 7
485 1158 523 1193 p.
547 1147 592 1183 23
627 1159 681 1194 sq.
714 1146 859 1183 Naber:
906 1146 1017 1193 plane
1056 1147 1218 1183 multum
1260 1146 1354 1183 mihi
1394 1148 1614 1184 facetiarum
1657 1159 1743 1185 con-

152 1193 242 1229 tulit
264 1193 349 1230 istic
372 1193 524 1231 Oratius
548 1193 707 1229 Flaccus
731 1193 983 1229 memorabilis
1005 1197 1127 1239 poeta,
1150 1193 1316 1240 mihique
1339 1199 1491 1241 propter
1517 1195 1743 1231 Mecenatem

151 1244 188 1275 et
222 1239 493 1276 Mecenatianos
523 1239 652 1276 hortos
683 1250 784 1276 meos
808 1250 883 1276 non
908 1239 1063 1275 alienus.
1095 1241 1127 1275 is
1152 1251 1314 1286 namque
1345 1240 1500 1277 Oratius
1531 1252 1742 1278 sermonum

152 1285 235 1322 libr.
258 1297 287 1321 e.
312 1285 478 1322 fabulam
500 1286 610 1322 istam
634 1285 845 1323 Polemonis
869 1285 1037 1330 inseruit,
1061 1286 1092 1321 si
1117 1287 1172 1332 (se
1195 1287 1306 1330 cod.)
1331 1291 1430 1322 recte
1454 1288 1619 1331 memini,
1641 1288 1744 1323 hisce

151 1331 320 1368 uersibus
354 1334 392 1379 <s
419 1333 537 1369 atium
572 1333 682 1368 unius
707 1342 836 1368 uersus
860 1332 899 1367 in
931 1331 1059 1378 cod.>:
1091 1331 1519 1378 ‘mutatus—magistri'3
1549 1333 1597 1369 cf.
1628 1333 1742 1370 schol.

152 1377 239 1413 luu.
257 1380 289 1422 1,
307 1378 367 1414 12:
427 1378 595 1415 rontonis
610 1379 796 1425 platanos]
821 1379 859 1413 in
878 1378 1087 1415 Horatiana
1110 1378 1233 1422 domo,
1250 1379 1288 1413 in
1307 1390 1382 1426 qua
1397 1383 1526 1426 poetae
1539 1380 1745 1416 recitabant

148 1424 220 1460 255
241 1426 287 1463 S:
320 1424 477 1469 Quintil.
501 1426 618 1461 instit.
646 1424 709 1460 XI
733 1426 767 1469 3,
792 1425 879 1460 144:
908 1425 1102 1471 palliolum
1127 1425 1228 1460 sicut
1250 1424 1449 1468 fascias,
1473 1425 1610 1472 quibus
1634 1437 1745 1462 crura

151 1470 374 1514 uestiuntur,
398 1475 436 1507 et
457 1471 637 1508 focalia
659 1475 697 1507 et
710 1471 857 1506 aurium
875 1471 1079 1517 ligamenta
1094 1470 1170 1507 sola
1188 1481 1364 1507 excusare
1386 1475 1509 1518 potest
1531 1471 1710 1509 ualetudo
1723 1473 1742 1520 Η

150 1516 376 1553 Philoxenus
420 1517 622 1564 (prodrom.
646 1517 809 1563 corporis
841 1517 994 1563 glossar.
1012 1517 1070 1562 Β.)
1094 1517 1137 1552 ΙΙ
1162 1516 1252 1554 576:
1277 1518 1434 1564 cubital]
1467 1518 1624 1555 cusitale
1659 1519 1742 1565 (leg.

151 1563 328 1610 cubitale)
477 1563 547 1599 257
589 1563 732 1599 anthol.
765 1564 847 1598 Lat..
883 1563 964 1607 883,
1000 1563 1040 1599 8:
1088 1573 1203 1599 uoce
1248 1564 1469 1610 magistri
1518 1565 1569 1609 (in
1612 1565 1743 1611 claua.)

152 1611 197 1645 'l'z
222 1609 419 1646 Pseudacr.
444 1610 491 1646 ad
515 1621 544 1645 s.
570 1609 614 1645 II
638 1610 672 1654 2,
698 1612 717 1645 7

265 1737 399 1773 9=D
411 1737 591 1783 EFyA'ol
601 1741 840 1783 l)vo(a)ymv
852 1743 899 1781 (x)
971 1738 1044 1775 248
1062 1737 1232 1774 Laudare
1246 1742 1283 1774 Ε
1310 1738 1420 1785 inpar
1436 1742 1585 1784 Flsph.
1621 1744 1706 1786 ipar
1720 1740 1740 1774 λ

149 1795 270 1842 impar
292 1798 583 1840 DEyvcaymv
623 1794 834 1830 harundine
851 1799 885 1830 D
900 1800 936 1831 E
950 1810 969 1841 y
989 1809 1010 1830 σ
1026 1810 1058 1841 ψ
1073 1810 1096 1831 α
1112 1810 1133 1841 9
1151 1799 1164 1830 l
1179 1809 1199 1831 ν
1247 1796 1431 1832 arundine
1453 1796 1742 1843 λνφηιαιηιβό·

149 1852 221 1889 249
242 1853 400 1899 siquem]
427 1852 537 1899 Siqid
547 1857 583 1888 Ε
626 1852 782 1889 delectet
798 1853 971 1898 DEyvo'
981 1867 1060 1898 a9v
1071 1867 1147 1889 aar.
1195 1853 1356 1890 delectat
1371 1853 1486 1890 FA'm
1520 1853 1704 1891 delectum
1720 1870 1740 1890 υ

150 1910 285 1957 uerset]
311 1913 436 1945 uersat
444 1914 497 1955 sy
545 1911 671 1946 uincet
694 1914 810 1946 Fuar.
897 1910 968 1947 250
992 1911 1032 1948 Si
1058 1915 1235 1957 Dpr.Fy1
1247 1911 1288 1948 λε
1299 1922 1339 1948 va
1351 1926 1372 1958 9
1389 1916 1421 1948 ll
1433 1923 1472 1948 υι
1487 1913 1739 1958 cumssafsph.

148 1971 334 2004 Pseudacr.
345 1968 393 2014 (ν)
452 1968 497 2004 Si
522 1982 544 2002 a
593 1967 655 2004 Sic
679 1971 714 2003 D
729 1981 817 2004 corr.
827 1972 906 2014 Eya
920 1969 959 2005 λι
972 1973 1144 2005 utuid.v1
1162 1979 1244 2015 cupa
1257 1983 1290 2005 m
1303 1970 1432 2016 oumssl
1446 1984 1466 2005 r
1519 1970 1568 2007 Se
1591 1974 1623 2006 ln
1642 1981 1684 2006 ‘02
1706 1970 1740 2017 ()

145 2024 314 2071 puervi}
341 2025 434 2070 liusy
489 2026 581 2071 esse]
607 2029 704 2062 esset
726 2029 762 2061 F
772 2039 793 2071 9
810 2029 897 2071 sph.
945 2027 1090 2063 euinoet
1113 2031 1148 2062 D
1162 2031 1199 2062 E
1213 2042 1233 2073 y
1250 2027 1281 2062 λ’
1299 2042 1318 2063 ν
1336 2027 1368 2063 σ’
1385 2041 1408 2064 α
1423 2041 1458 2063 m
1475 2042 1495 2063 v
1544 2028 1688 2065 euincet
1709 2033 1746 2064 F

148 2083 272 2119 uincet
287 2087 336 2119 Fi
348 2092 388 2119 ut
396 2088 470 2119 uid.
482 2097 556 2119 cum
564 2083 600 2130 β’
633 2083 750 2120 vinc'e
764 2098 786 2129 9
849 2084 918 2120 251
935 2096 1002 2120 nec
1019 2084 1233 2132 quicquam]
1250 2085 1473 2133 Nequicqua
1488 2100 1508 2122 ν
1520 2097 1563 2122 aa
1578 2091 1619 2121 in
1631 2091 1740 2122 litura

147 2188 227 2224 Nec
250 2155 377 2235 qldqua
392 2203 413 2233 9
445 2187 596 2224 differre
612 2192 649 2223 Ε
658 2192 714 2234 Fy
727 2203 746 2223 ν
756 2201 777 2223 σ
785 2202 806 2233 9
816 2192 828 2223 l
837 2202 898 2223 mv
911 2202 986 2223 cum
993 2189 1029 2234 β’
1039 2203 1058 2223 r
1066 2204 1080 2229 ,·
1095 2194 1136 2224 in
1144 2203 1212 2225 ras.
1223 2193 1258 2224 D
1292 2189 1426 2225 diferre
1444 2204 1466 2225 α
1497 2190 1638 2226 deferre
1652 2191 1671 2225 λ
1680 2205 1737 2235 pr.

147 2291 336 2327 utrumine
358 2292 378 2326 λ
433 2260 553 2328 trimis
577 2294 644 2338 70
736 2293 809 2330 252
832 2291 966 2328 {ludas
991 2307 1025 2328 m
1078 2293 1275 2330 meritricis
1299 2308 1320 2339 9
1414 2294 1484 2331 253
1509 2294 1681 2331 Solititus
1705 2298 1742 2328 Ε

147 2348 282 2395 plores]
316 2349 438 2396 ploras
469 2364 503 2385 m
561 2350 686 2397 plures
713 2355 804 2396 Fpr.
865 2362 979 2398 quero
1003 2355 1039 2386 Ε
1052 2363 1074 2386 σ
1091 2364 1125 2386 m
1141 2365 1160 2386 v
1223 2351 1413 2387 facinasne
1435 2356 1472 2387 Ε
1531 2351 1693 2387 faciesne
1716 2365 1739 2385 a

146 2406 218 2443 254
240 2407 408 2444 Motatus
432 2413 469 2444 Ε
514 2413 682 2445 mutatus
706 2418 779 2445 cett.
797 2413 885 2455 Pph.
903 2413 1033 2446 Fronto
1088 2409 1261 2455 polemon
1293 2413 1497 2454 Dpr.E'Fy
1506 2409 1736 2454 Z'oymcorr.

147 2478 165 2498 v
182 2479 349 2509 super-scr.
360 2469 780 2511 Pph.Porp71.Pseu‹lacr.
792 2471 918 2513 codd.y
929 2472 947 2503 b
947 2472 974 2512 f
977 2472 1108 2504 Fronto
1151 2472 1323 2512 polemon
1339 2481 1362 2502 a
1408 2467 1580 2512 palemon
1605 2470 1736 2501 Dcorr.

148 2582 166 2602 ν
175 2582 193 2602 v
204 2582 225 2602 x
234 2582 310 2603 cum
319 2570 344 2613 β
353 2582 439 2604 corr.
450 2573 633 2604 Paeudacr.
645 2574 742 2605 codd.
756 2571 792 2605 Γ
795 2575 822 2614 s
826 2585 843 2606 c
852 2572 873 2611 ζ
881 2575 942 2606 alt.
957 2575 1029 2606 loco
1063 2571 1223 2617 pilemon
1240 2585 1275 2605 m
1284 2585 1340 2615 pr.
1351 2571 1388 2616 ()
1402 2528 1530 2616 {Jonas
1547 2573 1560 2604 l
1583 2531 1700 2616 {gnae
1716 2585 1735 2605 v

150 2636 287 2671 poenae
302 2629 391 2670 Fpr.
405 2630 592 2661 Frontonis
617 2631 690 2662 cod.
795 2628 868 2664 255
894 2628 1089 2663 Fasceolae
1112 2641 1147 2662 m
1195 2626 1404 2664 Fascicolas
1429 2631 1465 2662 Ε
1517 2627 1680 2663 cubitale
1703 2628 1737 2663 Ω

146 2682 287 2718 cubita}
310 2686 396 2727 Pph.
417 2687 545 2719 Fronto
562 2698 595 2728 y,
623 2685 658 2727 (1
681 2689 754 2719 cod.
779 2689 1001 2727 Bersmamzi,
1029 2687 1046 2720 1
1077 2688 1266 2721 Chi-vianna
1288 2687 1395 2730 Feae)
1419 2686 1459 2732 ()
1481 2688 1557 2720 uid.
1581 2689 1678 2730 Epic.
1704 2695 1737 2721 et

143 2744 297 2785 praefat.
318 2754 356 2784 p.
381 2740 584 2776 XXXVII
632 2743 757 2788 potus]
781 2745 910 2788 postus
934 2746 1125 2777 Frontonis
1149 2745 1222 2777 cod.
1301 2742 1372 2779 256
1397 2753 1442 2778 ex
1466 2755 1532 2778 om.
1549 2746 1736 2780 Frontonis

149 2802 221 2833 cod.
246 2799 408 2844 carpsise
428 2812 447 2843 γ
495 2800 656 2845 carpisse
673 2799 866 2843 Elpinmv
879 2813 956 2834 παν.
1005 2801 1184 2846 carpsisse
1207 2808 1280 2836 cett.
1297 2803 1428 2836 Fronto
1498 2800 1567 2838 257
1591 2802 1656 2847 —st]
1679 2805 1737 2838 est

149 2856 194 2898 Ω,
211 2860 272 2891 sed
295 2869 359 2891 om.
376 2870 396 2890 ν
450 2855 617 2902 inpransi
641 2859 959 2901 DEFyvaqlmv
984 2860 1170 2892 Pseudo-cr.
1191 2861 1240 2892 ad
1257 2871 1356 2893 cerm.
1375 2857 1418 2893 II
1440 2857 1475 2902 2,
1500 2859 1520 2893 7
1545 2862 1734 2895 Frontonis

147 2927 218 2959 cod.
228 2925 406 2971 impransi
420 2935 461 2960 62
472 2938 567 2969 supr.
576 2939 611 2959 u.
635 2910 709 2970 ip'si
715 2925 745 2967 λ,
759 2939 829 2960 ras.
841 2938 949 2970 supra
956 2939 983 2970 p
1007 2929 1194 2962 correctus
1206 2940 1226 2961 v
1251 2930 1442 2973 correptus
1455 2935 1529 2963 cett.
1542 2931 1730 2964 Pseudacr.

149 2985 196 3016 ad
211 2995 309 3018 serm.
327 2982 370 3017 II
385 2981 420 3026 2,
438 2983 457 3017 7
