1950 3236
864 120 962 156 LIB.
987 120 1020 156 1.
1045 122 1079 157 5.
1684 121 1767 164 185

297 251 401 307 quid
433 263 520 295 non
552 251 745 294 ebrietas
777 251 1027 306 dissignat?
1059 255 1215 306 operta
1245 250 1445 304 recludit,

298 333 400 376 spes
430 320 555 364 iubet
583 332 683 363 esse
713 324 847 374 ratas,
879 321 935 364 ad
967 321 1136 375 proelia
1164 321 1307 364 trudit
1337 321 1539 371 inertem,

297 389 496 434 sollicitis
526 389 687 432 animis
718 402 832 432 onus
863 390 1027 443 eximit,
1060 390 1250 434 addocet
1279 393 1412 433 artes.

295 458 472 502 fecundi
502 457 658 501 calices
689 470 820 512 quem
852 471 942 501 non
973 457 1120 502 fecere
1152 458 1382 511 disertum,

297 530 519 571 contracta
549 539 680 581 quem
712 539 802 570 non
832 527 877 570 in
909 530 1173 582 paupertate
1205 527 1435 571 solutum?
1730 536 1765 562 2⁰

354 597 462 640 haec
491 608 573 651 ego
604 608 845 651 procurare
877 600 922 640 et
950 597 1140 640 idoneus
1170 597 1366 651 imperor
1396 600 1442 640 et
1471 609 1559 639 non

298 667 480 719 inuitus,
511 677 567 708 ne
596 669 728 719 turpe
759 666 888 718 toral,
920 678 977 709 ne
1008 666 1189 709 sordida
1219 678 1384 720 mappa

297 738 508 790 conruget
537 736 672 787 nariS‚
703 747 760 777 ne
789 747 879 778 non
911 739 956 778 et
986 735 1224 779 cantharus
1256 740 1300 778 et
1330 735 1431 778 lanx

295 848 436 885 16—20
454 850 498 885 T:
514 846 625 883 floril.
640 847 766 884 Nostr.
836 849 884 885 16
900 851 946 885 T:
965 847 1079 884 schol.
1096 849 1132 883 Γ
1149 847 1255 894 epist.
1272 847 1292 882 I
1310 848 1341 892 7,
1359 848 1381 884 6
1419 849 1465 886 S:
1481 846 1635 883 Theocr.
1651 847 1708 892 29,
1726 849 1764 882 1:

178 894 271 933 οἶνος
298 922 305 928 .
332 921 340 930 .
366 921 375 930 .
402 923 408 931 .
432 893 561 940 λέγεται
592 893 654 928 καὶ
686 893 821 929 &lowen
849 896 862 940 Η
892 894 992 930 Plut.
1017 894 1063 930 de
1093 894 1230 940 garrul-
1258 893 1360 930 VIII
1382 905 1419 940 p.
1436 895 1456 930 ’7
1481 893 1551 929 R.:
1576 893 1614 928 τὸ
1638 893 1704 939 γὰρ
1729 893 1766 928 ἓν

179 944 221 986 τῇ
238 941 368 985 καρδίᾳ
386 945 447 975 τοῦ
462 939 634 985 νήφοντος
649 939 705 975 ἐπὶ
729 945 789 978 τ”ς
809 940 963 986 γλώττης
981 940 1051 975 ἐστὶ
1069 945 1130 975 τοῦ
1145 940 1351 985 μεθύοντος,
1376 940 1427 979 ὥς
1443 941 1480 974 οἱ
1490 941 1765 984 παροιμιαζόμε-

177 987 235 1021 vol
248 999 355 1032 φασιν
372 987 385 1032 ΙΙ
402 986 449 1022 cf.
463 986 576 1022 Hom.
594 985 665 1022 Od.
684 986 745 1022 XI
769 986 811 1021 Il
833 986 901 1022 463
925 998 969 1033 sq
995 1013 1004 1021 .
1022 987 1094 1023 Ou.
1111 997 1144 1022 a.
1163 997 1196 1022 a.
1213 986 1233 1022 I
1249 986 1317 1022 241
1342 997 1397 1033 sq.
1474 987 1522 1022 17
1545 987 1591 1024 S:
1611 986 1765 1022 Aristot.

178 1032 252 1068 eth.
276 1033 422 1069 Nicom.
446 1031 509 1068 III
532 1031 567 1076 8,
585 1032 629 1066 14
654 1044 688 1079 p.
713 1033 760 1068 34
782 1032 890 1068 Did.:
915 998 1091 1071 εὐέλπιδες
1114 1031 1180 1078 γὰρ
1203 1034 1352 1078 γίνονται
1377 1033 1428 1078 (οἵ
1446 1032 1721 1077 μεθυσκόμενοι)
1742 1032 1757 1078 ΙΙ

178 1078 275 1114 Plat.
301 1079 347 1114 de
369 1079 462 1124 legg.
487 1077 508 1114 I
530 1089 566 1125 p.
592 1077 660 1114 649
684 1078 721 1114 A
748 1078 796 1114 B:
825 1079 946 1114 πιόντα
978 1078 1037 1114 τὸν
1061 1079 1254 1123 ἄνθρωπον
1285 1077 1391 1114 αὐτὸν
1421 1078 1529 1113 αὑτοῦ
1553 1083 1646 1113 ποιεῖ
1667 1082 1766 1122 πρῶ-

177 1139 236 1160 τον
259 1125 364 1160 ἵλεων
387 1124 495 1163 εὐθὺς
517 1124 648 1169 μᾶλλον
670 1125 852 1170 πρότερον,
876 1125 937 1159 καὶ
961 1125 1082 1169 ὁπόσῳ
1106 1125 1148 1159 ἂν
1170 1125 1275 1160 πλέον
1299 1125 1407 1160 αὐτοῦ
1431 1124 1583 1170 γεύηται,
1607 1124 1763 1168 τοσούτῳ

178 1171 350 1206 πλειόνων
380 1171 531 1206 ἐλπίδων
562 1170 709 1216 ἀγαθῶν
731 1171 955 1216 πληροῦσθαι
979 1171 1041 1206 καὶ
1065 1170 1250 1216 δυνάμεως
1275 1171 1323 1210 εἰς
1348 1171 1455 1212 δόξαν
1471 1172 1485 1216 ΙΙ
1503 1170 1588 1206 Sen.
1604 1169 1651 1205 de
1673 1170 1728 1205 ira
1745 1169 1765 1205 Ι

178 1217 234 1260 13,
264 1218 286 1253 3
315 1229 389 1264 sq.:
420 1216 540 1261 utilis,
578 1217 720 1263 inquit,
752 1217 809 1252 ira
832 1221 900 1261 est,
939 1218 1027 1264 quia
1058 1218 1302 1264 pugnaciores
1333 1216 1436 1253 facit.
1479 1218 1552 1252 isto
1584 1215 1696 1253 modo
1729 1220 1765 1252 et

179 1263 415 1299 ebrietas:
439 1262 531 1299 facit
554 1263 653 1300 enim
676 1267 870 1310 proteruos
895 1266 931 1299 et
955 1262 1126 1306 audaces,
1150 1262 1335 1310 multique
1358 1263 1527 1299 meliores
1552 1262 1609 1298 ad·
1623 1262 1764 1298 ferrum

176 1309 279 1345 fuere
312 1309 408 1346 male
441 1308 555 1346 sobrii
586 1336 596 1345 .
621 1336 630 1345 .
657 1336 666 1346 .
702 1313 739 1345 et
772 1309 903 1346 mortis
935 1310 1048 1345 timor
1084 1310 1196 1345 etiam
1231 1310 1475 1346 inertissimos
1511 1309 1689 1345 excitauit
1723 1309 1764 1344 in

202 1356 358 1392 roelium
428 1356 474 1392 18
497 1357 542 1394 S:
566 1355 728 1392 Venant.
746 1355 848 1392 Fort.
866 1355 905 1391 X
930 1355 974 1390 12
987 1365 1016 1400 a,
1036 1355 1077 1391 3:
1103 1355 1353 1392 ‘sollicitis
1377 1355 1561 1391 animis'
1584 1355 1624 1390 in
1641 1355 1764 1391 exord.

204 1413 322 1438 exam.
392 1402 439 1439 19
462 1404 505 1440 T:
530 1401 644 1438 schol.
668 1403 705 1437 Γ
721 1402 769 1437 ad
793 1402 889 1438 Hor.
907 1403 1013 1448 epist.
1030 1402 1051 1437 I
1071 1402 1125 1446 15,
1149 1402 1196 1438 20
1213 1403 1225 1448 ΙΙ
1243 1402 1358 1438 schol.
1381 1402 1512 1448 (Paris.
1537 1401 1671 1437 saecul.
1687 1400 1763 1447 XI)

176 1448 223 1483 ad
236 1447 317 1484 Ter.
331 1459 413 1484 eun.
427 1447 512 1483 1111
525 1450 558 1492 5,
572 1449 592 1483 1
604 1447 684 1494 (727
695 1448 727 1483 F
729 1448 788 1493 1.):
809 1448 907 1484 unde
920 1448 1092 1485 Oratius:
1107 1448 1281 1484 saecundi
1293 1448 1425 1484 calices
1438 1458 1547 1494 quem
1560 1458 1636 1483 non
1648 1447 1766 1483 fecere

176 1494 387 1530 disertum?
435 1496 480 1532 S:
506 1493 579 1531 Ou.
603 1497 690 1530 met.
707 1494 831 1530 XIIII
851 1495 938 1530 791:
965 1494 1088 1530 lurida
1112 1498 1330 1541 supponunt
1353 1493 1558 1531 fecundo
1583 1493 1764 1540 sulphura

178 1540 274 1577 fonti
306 1541 321 1587 ΙΙ
351 1542 447 1577 trist.
471 1540 509 1576 V
534 1540 590 1585 12,
615 1541 660 1576 37
692 1552 766 1587 sq.:
798 1540 957 1587 denique
987 1551 1062 1577 non
1093 1552 1229 1587 paruas
1261 1541 1386 1577 animo
1421 1539 1487 1576 dat
1519 1540 1637 1586 gloria
1666 1540 1764 1575 uires

177 1590 214 1622 et
236 1585 441 1622 fecunda
470 1587 596 1622 facit
618 1589 769 1633 pectora
798 1586 920 1622 laudis
953 1598 1057 1622 amor
1084 1588 1097 1633 Η
1127 1586 1324 1634 Symphos.
1350 1586 1509 1633 aenigm.
1533 1586 1627 1633 prol.
1651 1586 1673 1622 5
1696 1585 1763 1622 B.:

177 1632 348 1669 madidae
370 1632 548 1669 facundia
570 1633 720 1679 linguae
789 1633 837 1668 20
848 1644 901 1679 sq.
914 1635 958 1672 S:
978 1634 1054 1670 Cic,
1067 1633 1126 1669 ad.
1139 1634 1229 1670 fam.
1241 1633 1320 1671 XV
1334 1635 1389 1676 19,
1407 1632 1448 1668 8:
1466 1632 1624 1670 sollicito
1640 1632 1765 1669 animo

177 1690 225 1714 an
250 1679 374 1715 soluto
458 1679 505 1715 21
529 1689 582 1725 sq.
607 1678 911 1715 ‘haec—inuitus'
943 1682 991 1717 T:
1029 1680 1133 1716 Seru.
1158 1680 1206 1715 ad
1229 1680 1322 1717 Aen.
1346 1679 1387 1716 X
1410 1679 1480 1715 444
1550 1678 1598 1714 22
1626 1690 1680 1726 sq.
1705 1678 1764 1714 ene

175 1725 450 1772 turpe—nares’
489 1728 532 1763 T:
557 1724 709 1771 glossar.
733 1725 812 1761 Mai
838 1725 956 1761 tribus
979 1725 1070 1762 locis
1095 1726 1200 1762 class.
1227 1730 1325 1763 auct.
1350 1725 1455 1762 VIII
1487 1725 1564 1762 153.
1589 1726 1669 1762 501.
1694 1724 1762 1761 582

176 1771 234 1807 ‘ne
264 1775 372 1819 turpe
395 1771 502 1808 toral’
531 1774 577 1809 T:
595 1770 699 1807 Seru.
724 1772 782 1807 ad.
807 1773 899 1807 Aen.
917 1771 937 1807 I
963 1771 1029 1807 701
1077 1771 1136 1808 ‘ne
1159 1772 1309 1809 sordida
1332 1771 1481 1819 mappa’
1505 1774 1550 1809 T:
1577 1771 1684 1808 Seru.
1715 1770 1762 1807 ad

175 1817 268 1853 Aen.
286 1817 328 1853 II
346 1817 415 1854 272
484 1817 532 1855 23
554 1820 596 1855 T:
615 1817 663 1854 cf.
681 1817 839 1862 Quintil.
856 1818 973 1854 instit.
989 1817 1050 1854 XI
1071 1819 1104 1863 3,
1128 1817 1192 1855 80:
1211 1829 1298 1854 nam
1314 1822 1351 1855 et
1365 1829 1563 1864 corrugare
1577 1829 1696 1861 nares,
1721 1821 1763 1853 ut

291 1945 326 1979 Ω
338 1962 381 1974 ---
394 1949 426 1980 Α
435 1948 619 1990 EFMRy
628 1945 660 1980 δ’
674 1945 707 1988 (δ
716 1949 747 1987 z)
756 1945 788 1979 λ’
799 1945 830 1987 (λ
840 1949 865 1988 l)
878 1959 932 1980 νπ
941 1958 991 1991 σ9
1000 1959 1061 1981 mv
1117 1947 1164 1983 16
1172 1945 1307 1982 ebritas
1316 1950 1348 1981 A
1367 1945 1553 1982 hebrietas
1565 1950 1598 1981 R
1609 1960 1643 1981 α.
1653 1959 1722 1982 ras.
1730 1946 1761 1980 λ’

174 2017 203 2048 φ
214 2017 231 2037 z
262 2002 445 2049 dissignat
452 2007 485 2038 A
493 2007 531 2038 Ε
537 2007 614 2038 MR
625 2017 645 2048 γ
653 2004 686 2038 δ’
694 2004 726 2038 λ’
742 2017 795 2038 νπ
805 2017 833 2048 φ
842 2017 929 2039 corr.
938 2018 969 2049 ψ
977 2017 1012 2039 m
1024 2007 1151 2049 Porph.
1161 2007 1347 2039 Pseudacr.
1361 2005 1455 2050 (Vat.
1462 2004 1568 2049 3316)
1576 2008 1762 2040 Pseudaor.

174 2065 221 2096 ad
238 2066 337 2107 epist.
353 2061 374 2096 I
389 2062 422 2106 7,
439 2062 461 2097 6
521 2061 690 2108 designat
704 2075 726 2097 σ
742 2076 770 2107 φ
781 2076 840 2107 pr.
856 2076 878 2108 9
892 2076 912 2097 v
921 2066 1002 2108 flor.
1020 2066 1135 2098 Nostr.
1152 2066 1239 2108 Pph.
1255 2066 1383 2108 Pomm.
1400 2067 1440 2098 in
1456 2067 1741 2108 interpretatione
1750 2077 1761 2098 .·

173 2164 396 2212 ‘Dissignatz
413 2165 568 2212 appetit?
626 2167 670 2203 17
684 2134 782 2214 ratgs
799 2171 842 2202 M
882 2167 1024 2214 proelia
1041 2171 1072 2202 A
1085 2171 1122 2202 E
1130 2171 1167 2202 F
1174 2171 1207 2202 R
1218 2181 1238 2213 γ
1249 2166 1280 2202 λ’
1309 2167 1386 2214 plia
1401 2171 1443 2202 M
1450 2168 1470 2202 δ
1482 2181 1509 2202 π
1521 2180 1542 2202 σ
1553 2182 1574 2212 9
1607 2168 1726 2214 prelia
1742 2155 1762 2202 ὑ

174 2222 288 2268 prelia.
310 2237 345 2258 m
355 2237 375 2259 v
389 2238 406 2259 z
438 2224 592 2260 inertem
609 2228 647 2260 Ε
655 2228 688 2260 R
698 2239 725 2260 π
738 2237 777 2260 σι
796 2239 827 2270 ψ
842 2239 928 2260 corr.
941 2239 975 2260 m
987 2228 1087 2270 yloss.
1101 2226 1138 2260 Γ
1143 2239 1221 2260 uar.
1255 2225 1437 2262 inhertem
1456 2226 1495 2261 δ1
1512 2239 1531 2260 ν
1543 2240 1560 2260 z
1585 2226 1760 2261 inermem

177 2328 263 2359 AM
268 2339 287 2370 y
301 2326 340 2361 δε
355 2326 385 2361 λ’
400 2337 440 2362 02
456 2341 476 2372 9
489 2331 569 2372 flor.
583 2331 699 2364 Nostr.
721 2284 933 2365 {ggii—ng&
959 2333 1079 2371 Fasic)
1135 2329 1302 2366 inermen
1325 2343 1345 2365 v
1447 2329 1493 2366 18
1524 2330 1704 2376 slsanimis
1730 2333 1762 2364 R

175 2383 285 2427 onus]
318 2394 431 2419 sonus
455 2388 487 2419 R
503 2399 535 2419 a.
556 2399 626 2421 ras.
690 2389 720 2421 de
732 2386 837 2423 doc&
866 2391 903 2422 E
955 2387 1106 2424 acdocet
1130 2398 1167 2423 za
1234 2387 1423 2434 adssdocet
1451 2392 1484 2423 A
1556 2387 1704 2423 atdocet
1735 2400 1761 2421 π

176 2442 272 2475 artes
309 2440 342 2475 Ω
353 2445 433 2485 flor.
450 2446 566 2478 Noatr.
614 2444 704 2479 artis
734 2458 761 2489 μ
873 2445 921 2480 19
952 2445 984 2480 F
985 2445 1119 2481 ecundi
1150 2450 1186 2481 F
1195 2449 1239 2480 M
1249 2458 1270 2481 σ
1285 2459 1307 2491 9
1324 2449 1336 2480 l
1352 2459 1372 2480 v
1389 2456 1427 2481 22
1448 2449 1634 2481 Pseudacr.
1652 2449 1723 2480 cod.
1741 2458 1760 2479 ν

175 2496 349 2532 foecundi
388 2502 460 2533 cod.
486 2503 512 2542 f
535 2503 582 2534 ad
613 2504 712 2545 epist.
744 2501 765 2536 I
800 2502 855 2544 15,
888 2501 934 2537 20
973 2506 1023 2538 bis
1048 2507 1130 2547 flor.
1154 2507 1270 2538 Nostr.
1303 2506 1406 2538 schol.
1441 2516 1460 2537 r
1498 2506 1546 2537 ad
1576 2507 1649 2538 Ter.
1681 2516 1759 2537 eun.

176 2554 355 2590 Fecumdi
385 2555 404 2589 λ
482 2555 671 2592 Faecundi
700 2561 752 2593 Ra
776 2572 795 2603 γ
815 2572 836 2593 ν
852 2573 979 2595 πωνν.
999 2574 1032 2595 m-
1119 2560 1316 2596 Fancundi
1346 2565 1378 2595 A
1450 2559 1622 2596 Facundi
1657 2563 1694 2594 Ε
1707 2564 1755 2596 El

175 2612 207 2647 δ’
216 2626 243 2647 π
246 2626 303 2657 pr.
314 2624 350 2648 zi
363 2616 617 2649 Pseudacronie
634 2618 730 2649 codd.
740 2629 759 2660 γ
769 2619 787 2650 b
797 2619 844 2651 ad
853 2620 874 2651 l.
885 2620 908 2651 l.
953 2616 1150 2653 dissertum
1161 2622 1240 2653 Ma.
1250 2631 1319 2652 ras.
1330 2621 1380 2653 R1
1394 2618 1415 2652 δ
1424 2631 1457 2653 α.
1467 2631 1535 2653 ras.
1545 2631 1571 2652 π
1580 2632 1613 2652 α.
1621 2631 1690 2653 rac.
1699 2632 1716 2653 z
1726 2632 1759 2653 a.

176 2684 245 2706 ras.
292 2671 439 2707 desertfi
464 2675 475 2706 l
485 2685 542 2716 pr.
615 2671 661 2707 21
684 2672 761 2708 Nec
784 2685 851 2720 ego
866 2678 910 2709 M
951 2685 1038 2720 ergo
1062 2689 1081 2720 y
1098 2689 1131 2710 α.
1149 2689 1217 2711 ras.
1234 2676 1254 2710 λ
1271 2689 1304 2711 α.
1322 2689 1391 2711 ras.
1439 2679 1476 2711 et
1498 2676 1653 2712 idoneus
1676 2686 1760 2722 pro-

176 2739 302 2764 curare
324 2731 536 2775 (prucarare
551 2743 570 2774 γ
578 2731 651 2774 pr.)
699 2730 862 2776 imperor
877 2745 897 2776 γ
966 2731 1014 2767 22
1032 2731 1204 2769 Inuictus
1229 2744 1295 2768 nec
1310 2733 1329 2767 λ
1338 2747 1396 2778 pr.
1467 2733 1513 2770 23
1530 2733 1758 2780 GonrugetA

174 2790 211 2822 E
227 2790 263 2821 F
273 2790 316 2821 M
324 2790 356 2821 R
372 2787 412 2821 62
424 2785 454 2821 λ’
468 2800 612 2822 mzcum
631 2790 660 2823 G
671 2790 696 2823 S
708 2791 725 2823 b
730 2801 757 2832 p
774 2792 921 2824 Barcin.
938 2792 1142 2834 Re9inens.1
1171 2790 1358 2837 congru&
1375 2791 1415 2826 δι
1476 2791 1657 2836 corruget
1679 2805 1699 2837 γ
1717 2802 1756 2827 ν2

173 2858 199 2879 π
219 2858 239 2879 σ
259 2858 280 2889 9
300 2857 319 2879 v
340 2847 427 2889 Pph.
442 2848 588 2889 Pomm&
616 2856 653 2880 νι
676 2859 747 2880 non
773 2849 880 2890 liquet
927 2845 1026 2882 naris
1051 2851 1081 2882 A
1100 2851 1136 2882 E
1149 2851 1192 2882 Μ
1201 2851 1253 2883 Ra
1271 2861 1298 2882 π
1312 2851 1401 2893 Pph.
1450 2848 1550 2884 naris
1573 2852 1607 2884 R
1651 2860 1758 2886 nares

150 2937 163 2953 ,
174 2909 248 2937 cett.
275 2905 316 2945 cf.
333 2905 414 2936 qu.
433 2902 488 2946 14,
507 2902 574 2938 194
620 2907 721 2938 naris
738 2906 810 2938 cod.
823 2917 843 2937 r
858 2907 972 2939 Paris.
1020 2915 1087 2940 nec
1111 2915 1185 2940 non
1211 2908 1247 2941 et
1261 2919 1280 2940 ν
1292 2919 1313 2950 9
1329 2916 1367 2941 22
1417 2910 1590 2942 cantatus
1603 2910 1655 2943 Ra
1667 2907 1757 2942 δ’συ

171 2960 253 2994 lans
276 2963 312 2994 F
322 2963 372 2995 R1
391 2960 422 2993 λ’
438 2973 465 2994 π
