1950 3236
213 196 297 240 262
700 188 900 226 HORATI
923 186 1291 224 EPISTVLARVM

329 335 489 377 corpus
521 326 564 363 et
594 320 740 373 ipsum
771 318 965 360 animum
998 329 1077 371 spe
1107 315 1209 359 finis
1240 317 1350 360 dura
1378 315 1607 368 ferentem,

329 404 427 435 cum
461 389 590 432 sociis
621 399 804 441 operum
836 386 987 440 pueris
1018 388 1063 428 et
1092 385 1279 438 coniuge
1307 384 1394 428 fida

329 459 548 502 Tellurem
579 468 725 510 porco,
757 454 984 498 Siluanum
1015 454 1127 496 lacte
1157 453 1350 508 piabant,

330 527 515 570 floribus
548 529 593 567 et
623 525 728 567 uino
761 523 948 566 Genium
982 534 1219 565 memorem
1251 523 1401 566 breuis
1432 522 1546 565 aeui.

217 610 266 635 ηε)
334 594 608 638 Fescennina
638 605 718 647 per
747 592 864 635 hunc
893 592 1075 634 inuenta
1104 591 1281 634 licentia
1310 603 1477 634 morem

331 663 536 707 uersibus
568 662 750 704 alternis
781 660 1019 715 obprobria
1047 660 1214 703 rustica
1242 658 1369 711 fudit,

329 733 602 786 libertasque
633 729 904 773 recurrentis
934 732 1112 783 accepta
1141 741 1220 783 per
1250 741 1390 772 annos

329 802 438 844 lusit
467 799 728 850 amabiliter,
761 798 900 841 donec
929 798 1017 840 iam
1049 789 1208 840 saeuos
1239 801 1436 852 apertam

331 871 375 913 in
407 869 573 912 rabiem
606 867 751 922 coepit
782 867 898 909 uerti
927 866 1052 909 iocus
1083 869 1128 908 et
1155 879 1234 920 per
1264 866 1474 909 honestas

218 952 267 976 150
331 940 397 982 ire
428 938 583 980 domos
612 936 793 990 impune
824 935 981 978 minax.
1012 934 1194 977 doluere
1224 940 1406 978 cruento

333 1008 465 1051 dente
494 1005 700 1055 lacessiti,
731 1003 816 1047 fuit
845 1004 1022 1046 intactis
1054 1016 1227 1058 quoque
1258 1017 1364 1047 cura

334 1076 591 1119 condicione
623 1086 758 1128 super
789 1073 1033 1125 communi;
1065 1074 1170 1126 quin
1202 1073 1334 1116 etiam
1366 1073 1434 1116 lex

332 1156 564 1199 poenaque
594 1143 696 1194 lata,
728 1141 844 1184 malo
875 1154 989 1196 quae
1018 1141 1158 1184 nollet
1188 1143 1380 1185 carmine
1410 1155 1673 1197 quemquam

334 1213 547 1265 describi;
578 1215 755 1254 uertere
786 1210 980 1262 modum,
1011 1208 1246 1253 formidine
1276 1210 1409 1254 fustis

220 1295 268 1320 155
335 1282 391 1325 ad
420 1282 534 1325 bene
565 1280 799 1324 dicendum
831 1279 1226 1334 delectandumque
1256 1281 1435 1323 redacti.

337 1351 520 1395 Graecia
550 1354 678 1405 capta
707 1349 850 1393 ferum
882 1349 1096 1392 uictorem
1129 1349 1244 1404 cepit
1275 1355 1318 1392 et
1348 1351 1456 1393 artis

334 1476 520 1513 145—-155
544 1475 591 1510 cf.
609 1473 820 1510 Euanthius
846 1473 893 1509 de
916 1483 1009 1509 com.
1024 1485 1060 1520 p.
1079 1474 1122 1509 13
1142 1473 1198 1509 ed.
1213 1473 1340 1509 Klotz:
1366 1485 1450 1509 cum
1476 1477 1604 1520 poetae
1626 1472 1798 1509 licentius

219 1524 321 1559 abuti
337 1523 424 1559 stilo
441 1526 478 1558 et
495 1521 633 1568 passim
649 1520 791 1556 laedere
805 1531 851 1555 ex
865 1518 1018 1555 libidine
1034 1519 1238 1565 coepissent
1253 1520 1375 1566 plures
1392 1519 1520 1563 bonos,
1543 1531 1590 1555 ne
1603 1519 1798 1566 quisquam

219 1571 257 1605 in
275 1569 431 1605 alterum
446 1579 591 1604 carmen
608 1567 747 1602 infame
761 1568 995 1612 componeret
1008 1565 1111 1611 lege
1127 1565 1227 1601 lata
1242 1565 1386 1602 siluere.
1410 1569 1447 1601 et
1457 1565 1545 1601 hinc
1555 1564 1688 1601 deinde
1698 1563 1799 1600 aliud

219 1627 335 1662 genus
368 1614 529 1657 fabulae,
564 1613 660 1648 idest
692 1616 750 1647 sat
795 1622 836 1654 a,
873 1611 1032 1657 sumpsit
1071 1611 1280 1655 exordium;
1320 1622 1415 1658 quae
1449 1622 1473 1647 a
1508 1611 1672 1656 Satyris,
1706 1619 1799 1656 quos

220 1664 406 1697 iocosos
430 1671 572 1706 semper
594 1670 636 1694 ac
660 1662 723 1704 pet
765 1661 870 1693 antes
893 1657 981 1694 deos
1004 1657 1140 1692 scimus
1165 1669 1253 1700 esse,
1278 1658 1442 1693 uocitata
1464 1661 1536 1697 est;
1561 1657 1630 1692 etsi
1653 1654 1804 1692 aliunde

221 1718 354 1743 nomen
387 1707 544 1742 traxisse
574 1715 690 1751 praue
720 1707 856 1750 putant
878 1703 952 1739 alii.
983 1702 1074 1739 haec
1097 1703 1210 1738 satira
1231 1703 1346 1748 igitur
1369 1702 1550 1740 eiusmodi
1580 1701 1663 1756 fuit?
1696 1705 1739 1737 ut
1761 1701 1801 1737 in

221 1765 263 1788 ea
285 1753 455 1799 quamuis
479 1751 572 1787 duro
596 1755 633 1786 et
652 1749 755 1785 uelut
779 1749 958 1795 agresti
982 1750 1104 1792 ioco,
1128 1748 1175 1784 de
1197 1749 1300 1785 uitiis
1323 1749 1464 1785 ciuium
1480 1753 1606 1785 tamen
1630 1746 1802 1784 alneulln

220 1799 359 1845 proprii
390 1799 549 1834 nominis
581 1797 692 1832 titulo
720 1806 868 1831 carmen
893 1798 998 1831 esset.
1036 1794 1136 1841 quod
1163 1795 1251 1831 item
1284 1806 1401 1841 genus
1432 1793 1641 1831 comoediae
1672 1793 1800 1829 multis

221 1845 334 1880 offuit
364 1844 499 1890 poetis,
532 1854 619 1879 cum
642 1843 681 1877 in
712 1841 958 1886 suspicionem
1016 1840 1201 1877 otentibus
1234 1841 1378 1877 ciuibus
1409 1842 1618 1884 uenissent,
1651 1839 1800 1875 illorum

222 1890 323 1926 facta
345 1889 665 1935 descripsisse
688 1888 726 1923 in
751 1887 857 1933 peius
873 1898 916 1922 ac
931 1886 978 1922 de
995 1897 1159 1922 ormasse
1181 1898 1298 1933 genus
1326 1887 1411 1922 stilo
1435 1886 1606 1923 carminis
1651 1884 1724 1920 145
1745 1893 1800 1929 sq.

223 1937 268 1973 S:
310 1936 434 1972 Senec.
469 1934 570 1970 Med.
604 1935 689 1970 113:
726 1933 823 1968 festa
857 1933 966 1968 dicax
1000 1933 1177 1968 fundat
1215 1933 1440 1968 conuicia
1471 1931 1801 1967 Fescenninus

223 1982 293 2017 145
324 1984 369 2018 T:
398 1981 503 2018 Seru.
527 1980 575 2015 ad
599 1981 692 2015 Aen.
717 1979 797 2014 VII
822 1978 889 2014 695
913 1981 1007 2014 teste
1030 1978 1106 2013 Fea
1151 1977 1385 2014 ‘fescennina’
1407 1980 1451 2014 T:
1482 1977 1614 2022 fragm.
1645 1984 1800 2020 gramm.

223 2026 392 2063 Bobiens.
425 2026 506 2062 VII
545 2038 579 2072 p.
612 2026 680 2060 544
713 2024 760 2060 Κ.
860 2025 931 2060 146
968 2026 1013 2062 S:
1049 2024 1159 2069 Verg.
1194 2024 1306 2067 eclog.
1332 2025 1364 2063 7.
1397 2021 1441 2057 18
1478 2033 1553 2068 sq.:
1595 2019 1801 2056 alternis

224 2073 340 2119 igitur
370 2071 586 2108 contendere
616 2070 835 2106 uersibus
867 2069 977 2105 ambo
1010 2079 1159 2113 coepere
1252 2070 1320 2104 147
1345 2078 1398 2113 sq.
1422 2067 1583 2103 ‘libertas
1610 2077 1656 2102 ue
1679 2075 1800 2101 recur-

224 2116 611 2154 rentes—amabiliter’
635 2119 680 2153 T:
705 2116 808 2152 Seru.
831 2116 879 2150 ad
905 2126 960 2160 ge.
976 2114 1018 2149 11
1042 2114 1128 2157 385;
1153 2114 1191 2148 in
1215 2114 1297 2149 cod.
1319 2115 1380 2148 Au
1407 2112 1498 2148 iensi
1514 2112 1578 2148 OL
1702 2109 1803 2146 VIII

226 2163 340 2200 Hold.
364 2163 539 2208 temporis
562 2162 699 2197 iniuria
729 2162 870 2196 interiit
892 2172 968 2196 uox
991 2159 1103 2195 ‘lusit’
1195 2159 1263 2196 151
1287 2161 1331 2197 S:
1356 2160 1386 2194 A
1407 2158 1544 2194 dhelm.
1567 2158 1614 2193 de
1635 2156 1801 2202 uirginit.

220 2210 309 2246 925:
327 2209 507 2255 praesulis
531 2212 574 2243 ut
599 2209 737 2242 famam
761 2207 938 2253 serpentis
955 2205 1094 2241 dente
1117 2205 1358 2242 lacessant
1445 2204 1519 2241 156
1533 2214 1587 2251 sq.
1604 2205 1651 2242 S:
1670 2202 1805 2238 Liuius

334 2302 612 2337 9=EFMR
627 2312 646 2344 γ
665 2298 694 2333 λ’
712 2312 738 2332 π
755 2311 776 2332 σ
794 2301 816 2332 d
832 2311 853 2342 9
869 2308 903 2332 m
918 2311 937 2332 v
1009 2296 1080 2332 142
1103 2298 1260 2334 sotiisM
1302 2296 1437 2343 pueris]
1462 2299 1499 2332 et
1521 2294 1645 2342 pueris
1664 2293 1803 2330 EFZ'v

373 2372 390 2394 e
1589 2361 1617 2388 «e

229 2405 302 2442 143
312 2408 419 2452 porto
434 2418 453 2449 γ
483 2414 594 2449 porco
617 2411 691 2438 cett.
728 2412 840 2448 porca
858 2405 1225 2446 Barcinon.superscr.
1237 2405 1279 2436 ab
1290 2411 1320 2436 2.
1333 2414 1377 2435 m.
1402 2401 1444 2436 al
1454 2409 1566 2446 porco
1612 2397 1761 2434 siluanu
1775 2409 1805 2442 φ

227 2475 297 2510 144
320 2476 356 2508 et
377 2464 495 2518 humo
518 2486 537 2517 γ
607 2472 677 2507 145
699 2471 850 2507 licencia
872 2471 892 2505 λ
904 2485 925 2515 9
989 2471 1059 2507 146
1081 2469 1327 2516 oppropriaE
1370 2467 1570 2515 opprobria.
1583 2470 1695 2503 MRv
1742 2465 1806 2502 ob-

229 2530 379 2576 probria
393 2538 466 2565 cett.
545 2531 613 2566 147
629 2529 851 2564 recurrentis
882 2531 981 2563 EM1
994 2531 1044 2563 R1
1061 2542 1081 2573 γ
1099 2541 1126 2562 π
1146 2541 1178 2562 m
1199 2540 1274 2562 oum
1290 2529 1510 2570 SReyinens.
1581 2526 1806 2559 recurrentes

229 2591 266 2622 F
278 2591 335 2623 Ma
354 2591 406 2623 Ra
422 2587 452 2622 λ’
473 2600 494 2622 σ
506 2591 529 2622 d
549 2600 634 2622 corr.
648 2600 668 2621 υ
715 2585 895 2622 currentis
923 2589 1010 2630 Pph.
1080 2590 1267 2620 currentes
1303 2587 1327 2618 d
1344 2597 1399 2628 pr.
1423 2596 1445 2627 9
1488 2589 1567 2626 poet
1588 2579 1806 2617 recurrentis

229 2648 311 2680 add.
342 2648 397 2679 E:
422 2643 546 2680 ‘simul
568 2645 635 2680 est’
737 2643 808 2679 148
847 2653 976 2679 saeuos
998 2657 1024 2676 π
1039 2656 1097 2687 pr.
1118 2645 1205 2687 Pph.
1253 2651 1387 2676 saeuus
1403 2643 1437 2675 F
1450 2643 1495 2674 M
1506 2642 1540 2674 R
1554 2652 1574 2684 y
1592 2638 1624 2673 λ’
1640 2651 1668 2672 π
1683 2649 1769 2673 corr.
1785 2648 1808 2671 σ

232 2713 339 2751 squus
361 2706 398 2737 Ε
441 2713 551 2738 senus
576 2706 598 2737 d
614 2716 635 2747 9
650 2716 712 2737 mv
782 2701 852 2737 149
884 2700 1004 2747 coepit
1027 2700 1148 2746 (cepit,
1172 2698 1282 2745 cepit)
1306 2697 1402 2733 uerti
1426 2697 1519 2732 ΕΜ
1529 2699 1562 2731 R
1583 2709 1603 2741 γ
1618 2708 1646 2730 π
1661 2707 1683 2730 σ
1698 2697 1722 2729 d
1734 2706 1756 2738 9
1772 2705 1807 2728 m

230 2766 324 2799 uerti
340 2763 459 2810 coepit
474 2764 546 2799 ΕΙ]
606 2765 697 2799 uerti
721 2763 817 2809 cepit
840 2777 859 2798 v
905 2761 1008 2799 locus
1032 2766 1108 2796 Ea.
1121 2764 1236 2796 malz
1251 2774 1284 2795 a.
1300 2773 1370 2794 ras.
1455 2758 1527 2794 150
1549 2757 1701 2803 impune
1721 2757 1758 2790 E
1769 2756 1814 2788 Π

231 2823 264 2854 R
280 2834 299 2864 γ
315 2820 345 2854 λ’
361 2835 387 2855 π
402 2835 423 2865 9
435 2835 455 2856 v
503 2821 643 2867 inpune
660 2823 724 2855 Fa
737 2824 761 2855 d
771 2834 805 2855 m
866 2820 936 2856 152
960 2818 1184 2855 Condicione
1195 2818 1214 2852 λ
1226 2832 1248 2862 9
1295 2816 1516 2853 Conditione
1529 2822 1603 2850 cett.
1651 2811 1721 2849 153
1731 2811 1808 2845 lata

232 2878 366 2921 EMya
378 2892 489 2913 uarat
498 2892 584 2913 corr.
593 2891 643 2923 σς]
653 2882 684 2913 l2
696 2891 773 2912 uar.
783 2891 844 2912 mv
876 2880 966 2912 nata
981 2880 1055 2911 FR
1066 2889 1086 2921 y
1098 2889 1175 2910 uar.
1187 2874 1217 2909 λ’
1226 2888 1317 2919 apr.
1328 2878 1352 2909 d
1379 2873 1512 2918 maloq‚
1525 2875 1558 2907 R
1603 2870 1672 2907 154
1690 2868 1806 2903 fust&

231 2935 284 2967 Ea
304 2946 381 2968 war.
407 2949 434 2979 <p
460 2949 547 2970 corr.
631 2936 701 2972 155
731 2936 786 2971 Ac
816 2935 909 2971 bene
931 2938 965 2969 R
1047 2933 1117 2969 156
1148 2931 1305 2969 Graecia
1326 2935 1359 2966 R
1377 2934 1463 2975 Pph.
1527 2927 1657 2974 Gretia
1678 2929 1715 2961 Ε
1729 2928 1774 2960 Μ
1786 2938 1806 2970 γ

234 2989 466 3035 GreciaFoy
478 3005 538 3026 mv
602 2991 731 3028 Gretia
752 2992 783 3026 λ’
796 3006 823 3026 π
835 2996 858 3026 d
916 2990 1034 3037 coepit
1053 2989 1215 3034 FyZ'szd
1260 2987 1351 3024 artis
1369 2990 1535 3030 EMRiy
1550 2998 1577 3019 π
1622 2985 1717 3019 artes
1733 2989 1808 3017 cett.
