1950 3236
878 142 978 179 ΜΒ.
1002 143 1036 180 1.
1059 143 1093 180 3.
1696 147 1774 191 181

310 283 388 315 seu
419 271 616 326 linguam
647 273 792 316 causis
823 273 945 316 acuis
978 285 1056 316 seu
1088 273 1229 317 ciuica
1258 274 1359 317 iura

309 341 578 395 respondere
607 353 740 396 paras
771 354 850 385 seu
881 343 1034 386 condis
1066 343 1257 386 amabile
1288 355 1477 396 carmen,

308 410 452 464 prima
480 409 598 452 feres
628 409 819 454 hederae
850 412 1047 455 uictricis
1078 413 1291 466 praemia.
1323 413 1483 467 quodsi
1743 424 1778 450 2⁵

307 478 470 533 frigida
499 492 705 522 curarum
737 479 935 523 fomenta
965 481 1217 536 relinquere
1246 494 1416 536 posses,

308 560 395 602 quo
425 552 470 591 te
500 548 704 591 caelestis
736 549 954 603 sapientia
985 550 1179 603 duceret,
1210 550 1313 593 ires.

307 617 390 661 hoc
420 630 543 673 opus,
573 617 656 660 hoc
687 619 885 661 studium
917 619 1046 674 parui
1076 631 1368 674 properemus
1400 623 1445 663 et
1476 621 1624 675 ampli,

309 687 347 729 si
376 687 545 741 patriae
576 687 799 740 uolumus,
833 689 871 731 si
901 689 1030 732 nobis
1062 689 1218 732 uiuere
1250 689 1353 732 cari.

365 756 499 799 debes
528 755 611 799 hoc
641 757 773 799 etiam
804 758 1064 810 rescribere,
1097 758 1155 801 sit
1185 758 1267 800 tibi
1298 770 1442 811 curae,
1742 771 1777 797 30

306 828 495 879 quantae
524 826 776 879 conueniat,
807 827 1069 870 Munatius?
1100 839 1155 870 an
1187 826 1302 870 male
1333 830 1454 870 sarta

311 894 451 948 gratia
479 895 770 949 nequicquam
803 896 893 938 coit
923 899 968 938 et
997 896 1278 948 rescinditur,
1309 908 1359 939 ac
1390 909 1472 939 uos

307 975 386 1006 seu
418 963 584 1007 calidus
616 964 800 1018 sanguis
832 977 910 1008 seu
941 977 1090 1008 rerum
1122 965 1297 1008 inscitia
1328 968 1459 1008 uexat

304 1063 445 1100 23-25
467 1063 542 1100 ‘seu
564 1064 727 1101 ciuica—
754 1065 849 1101 rima
879 1066 972 1101 feres
1011 1065 1145 1102 hedere
1183 1065 1348 1102 uictricis
1380 1066 1545 1113 praemia
1567 1067 1700 1114 palme’
1731 1070 1776 1106 T:

191 1109 387 1146 Pseudaer.
396 1111 444 1146 ad
460 1121 490 1147 c.
504 1110 524 1146 I
538 1111 594 1155 10,
610 1111 630 1146 1
643 1111 712 1147 cod
741 1138 750 1147 .
762 1122 808 1157 cp
876 1112 979 1150 238:
993 1112 1069 1148 Cic.
1083 1112 1187 1148 Brut.
1209 1111 1265 1156 97,
1279 1113 1366 1150 331:
1387 1112 1451 1159 qui
1468 1124 1544 1150 non
1562 1114 1630 1149 lin
1639 1125 1774 1160 guam

190 1155 301 1192 modo
326 1157 539 1192 acuisses
564 1157 821 1194 exercitatione
844 1157 991 1194 dicendi
1015 1158 1031 1205 ΙΙ
1049 1159 1234 1204 χαλκεύειν
1253 1159 1414 1204 γλῶσσαν
1434 1160 1522 1204 πρός
1546 1173 1610 1195 τινι
1628 1159 1777 1195 exhibet

189 1201 298 1238 Pind.
326 1202 434 1248 Pyth.
457 1203 490 1246 1,
508 1203 555 1239 86
579 1203 774 1239 Dissenius
843 1204 890 1240 24
904 1207 950 1242 T:
974 1204 1164 1240 deterioris
1189 1210 1299 1241 notae
1315 1204 1512 1241 Pseudacr.
1528 1205 1576 1241 ad
1601 1217 1633 1242 a.
1652 1217 1688 1252 p.
1706 1206 1776 1242 436

189 1247 332 1285 25-29
354 1251 399 1287 T:
423 1248 532 1285 floril.
556 1249 704 1286 Nostr.:
730 1250 1017 1296 ‘quodsi—capi’
1087 1250 1134 1288 25
1157 1252 1201 1289 S:
1227 1251 1339 1297 Verg.
1356 1252 1422 1288 ecl.
1441 1252 1475 1296 8,
1500 1251 1544 1287 12
1568 1262 1640 1299 sq.:
1665 1256 1777 1299 atque

189 1292 286 1330 hanc
309 1294 389 1331 sine
411 1299 577 1341 tempora
599 1296 739 1332 circum
762 1297 860 1332 inter
884 1297 1112 1333 uictrices
1135 1296 1359 1333 hederam
1387 1297 1456 1333 tibi
1480 1309 1625 1344 serpere
1647 1298 1775 1334 laurus

188 1339 235 1376 26
257 1351 336 1387 sqq.
359 1342 404 1380 S:
428 1341 523 1377 Plin.
549 1353 604 1389 ep.
629 1342 649 1378 Ι
673 1343 707 1386 3,
731 1344 772 1379 3:
797 1343 886 1390 quin
911 1346 954 1379 tu
979 1370 988 1379 .
1014 1369 1022 1378 .
1048 1370 1057 1379 .
1082 1369 1091 1379 .
1116 1343 1276 1379 humiles
1306 1347 1344 1379 et
1370 1343 1538 1380 sordidas
1562 1355 1669 1380 curas
1693 1345 1775 1380 aliis

188 1389 343 1422 mandas
367 1391 404 1423 et
425 1387 505 1434 ipse
528 1390 566 1424 te
587 1388 626 1424 in
651 1389 727 1425 alto
750 1390 822 1425 isto
845 1389 1049 1436 pinguique
1080 1400 1226 1425 secessu
1254 1389 1387 1425 studiis
1419 1389 1584 1426 adseris?
1632 1390 1703 1427 hoe
1726 1392 1777 1427 sit

188 1434 378 1477 negotium
402 1437 522 1478 tuum,
545 1433 617 1471 hoc
640 1435 770 1479 otium,
800 1434 862 1470 hic
893 1435 1008 1478 labor,
1039 1434 1129 1471 haec
1160 1435 1263 1481 quies
1295 1447 1325 1471 e.
1351 1446 1386 1482 q,
1410 1447 1438 1473 s.
1468 1438 1481 1482 11
1513 1435 1672 1483 Pythag.
1696 1448 1775 1472 aur.

188 1489 283 1514 uere.
307 1481 352 1515 45
381 1490 452 1526 sq.:
485 1485 591 1515 ταῦτα
614 1481 723 1523 πόνει,
756 1480 847 1516 ταῦτ’
875 1481 1060 1526 ἕκμελέτα·
1086 1481 1220 1517 τούτων
1242 1481 1312 1527 χρὴ
1337 1482 1421 1526 ἐρᾶν
1445 1496 1494 1525 σε,
1519 1482 1626 1518 ταῦτά
1650 1495 1688 1518 σε
1714 1488 1775 1528 τῆς

188 1525 289 1570 θείης
313 1525 437 1571 ἀρετῆς
460 1526 509 1565 εἰς
534 1527 625 1572 ἴχνια
650 1527 753 1572 θήσει
823 1527 870 1563 26
894 1529 938 1566 S:
965 1527 1036 1564 Ou-
1060 1539 1106 1563 ex
1129 1527 1171 1563 P.
1190 1527 1278 1563 IIII
1296 1524 1330 1571 2,
1353 1529 1418 1564 45:
1443 1528 1581 1564 solacia
1602 1529 1739 1576 frigida
1757 1529 1774 1576 ΙΙ

187 1569 285 1606 Plin.
309 1583 364 1619 ep.
388 1572 410 1607 Ι
441 1571 476 1616 9,
507 1572 548 1607 3:
580 1577 672 1618 quot
703 1573 781 1609 dies
812 1584 924 1620 quam
955 1573 1100 1620 frigidis
1133 1573 1243 1609 rebus
1275 1574 1483 1620 absumpsi!
1512 1575 1526 1621 Η
1557 1574 1714 1621 Satyrus
1737 1575 1777 1611 in

190 1615 335 1653 delectu
358 1618 473 1665 epigr.
497 1617 563 1654 Gr.
588 1619 607 1654 I
633 1619 689 1663 53,
714 1621 753 1655 5:
778 1619 905 1665 ψυχρὰ
931 1647 938 1654 .
967 1647 974 1654 .
1002 1647 1009 1654 .
1038 1647 1045 1654 .
1069 1620 1279 1665 παραμύθια
1372 1620 1417 1657 27
1441 1622 1486 1659 S:
1519 1620 1629 1668 Diog.
1653 1621 1776 1658 Laert.

188 1662 253 1698 III
277 1663 322 1700 63
411 1663 473 1709 τὴν
497 1664 710 1710 φιλοσοφίαν
737 1692 743 1700 .
771 1692 779 1700 .
806 1693 814 1699 .
840 1666 955 1711 ὄρεξιν
979 1665 1087 1701 οὖσαν
1111 1671 1171 1711 τῆς
1195 1666 1271 1701 θεί
1277 1680 1326 1705 ας
1351 1668 1517 1712 σοφίας
1534 1668 1547 1712 ΙΙ
1566 1666 1641 1704 Cic.
1667 1667 1774 1704 Tusc-

187 1708 225 1745 V
240 1710 263 1745 4
292 1710 354 1746 10:
380 1710 548 1746 Socrates
561 1736 710 1747 .....
734 1711 877 1758 primus
900 1711 1175 1766 philosophiam
1199 1711 1396 1748 deuocauit
1419 1724 1439 1749 e
1462 1713 1596 1750 caelo
1658 1713 1704 1749 28
1720 1725 1775 1761 sq.

187 1757 232 1793 T:
264 1738 344 1793 1011.
369 1756 591 1793 Victoriens.
623 1769 659 1804 p.
691 1758 758 1793 271
792 1757 825 1793 Β
916 1758 963 1794 28
999 1758 1117 1804 ‘parm
1151 1758 1414 1805 properemus',
1453 1763 1498 1795 ut
1533 1771 1553 1795 e
1589 1761 1775 1796 contrario

188 1801 327 1848 ‘ampli’
350 1802 486 1839 diuites
510 1802 688 1839 dicuntur
710 1803 824 1840 schol.
842 1803 950 1840 Bern.
966 1803 1076 1850 Verg.
1094 1804 1158 1841 ecl.
1184 1806 1217 1848 7,
1240 1804 1286 1840 29
1311 1804 1448 1851 Hagen
1533 1806 1674 1843 31—35
1690 1806 1775 1842 ‘heu

184 1847 281 1883 male
330 1848 599 1885 arta-diuitis’
652 1853 697 1888 T:
721 1849 805 1886 flor.
829 1850 957 1886 Nostr.
1019 1851 1066 1888 31
1094 1862 1148 1897 sq.
1171 1853 1217 1888 T:
1242 1851 1467 1897 Hieronym.
1490 1855 1620 1888 contra
1643 1852 1773 1888 Rufin.

184 1893 206 1929 I
230 1894 271 1929 1:
338 1894 461 1931 laccus
493 1906 640 1942 quoque
675 1897 716 1931 in
749 1896 918 1942 epistula,
953 1907 1066 1950 quam
1097 1897 1225 1933 scribit
1257 1897 1305 1933 ad
1336 1897 1515 1933 Florum:
1547 1897 1678 1942 ‘male'‚
1709 1899 1773 1941 ait,

184 1939 296 1976 ‘sarta
319 1942 438 1986 gratia
461 1941 708 1988 nequicquam
731 1943 806 1978 coit
830 1946 867 1979 et
889 1942 1126 1979 rescmditur'
1194 1943 1242 1980 32
1265 1945 1313 1982 S:
1346 1943 1495 1981 Petron.
1520 1944 1607 1980 113:
1632 1945 1773 1981 ueritus

185 1997 233 2022 ne
255 1987 351 2023 inter
372 1988 481 2023 initia
504 1988 722 2024 coeuntis
747 1989 934 2035 gratiae
957 1993 1142 2026 recentem
1166 1990 1372 2026 cicatricem
1395 1990 1693 2027 rescinderet

298 2102 333 2137 Ω
343 2119 390 2133 =
401 2104 668 2150 AEF'MRya'
680 2105 714 2147 (ὃ
723 2108 754 2147 2)
764 2104 795 2140 λ’
807 2105 840 2149 (λ
851 2108 1066 2151 υνπσρτηυ
1127 2105 1174 2141 24
1189 2104 1425 2152 Responsare
1447 2110 1484 2141 Ε
1550 2106 1597 2143 ‘25
1619 2105 1774 2142 hederae

184 2199 236 2231 El
248 2209 268 2241 γ
277 2195 308 2231 δ’
318 2209 338 2231 ν
347 2210 375 2241 φ
385 2200 417 2232 la
429 2204 490 2232 aut
501 2210 586 2232 corr.
598 2211 617 2232 v
664 2155 793 2245 ssderae
803 2211 830 2232 π
870 2155 974 2245 {idere
986 2212 1018 2244 ψ
1065 2197 1198 2234 hedere
1209 2212 1230 2243 9
1262 2197 1367 2234 edere
1382 2198 1402 2233 λ
1434 2197 1564 2245 ederae
1580 2203 1612 2235 A
1645 2198 1773 2235 ederae

183 2256 236 2288 Ea
252 2257 352 2289 Reli
369 2262 431 2289 aut
441 2268 545 2299 pr.m
590 2254 696 2291 edere
719 2255 813 2291 feres
836 2259 880 2290 M
919 2255 1061 2302 premia
1078 2259 1169 2292 AR1
1185 2269 1212 2301 φ
1261 2255 1407 2302 quodsi]
1433 2267 1468 2303 q,
1493 2257 1525 2292 si
1549 2260 1600 2292 Ει
1651 2256 1772 2303 quidsi

184 2313 250 2345 Ml
261 2324 318 2355 pr.
367 2310 420 2357 qd
443 2312 493 2347 sis
516 2325 550 2347 m
564 2326 597 2347 α.
612 2326 680 2348 ras.
759 2313 805 2349 27
824 2312 973 2368 pelestis
997 2317 1040 2348 M
1052 2327 1074 2359 9
1093 2328 1127 2349 m
1146 2328 1163 2348 z
1212 2313 1378 2396 caelesktis
1403 2322 1496 2395 clete.²
1524 2313 1673 2352 celestes
1689 2318 1771 2359 flor.

185 2403 299 2437 Nostr.
347 2402 531 2449 sapiencia
552 2404 572 2438 λ
653 2404 700 2440 28
723 2371 850 2451 studit}
872 2409 916 2440 M
978 2405 1026 2442 29
1048 2406 1168 2452 patrie
1192 2406 1238 2451 γλ
1252 2420 1272 2450 9
1328 2373 1500 2453 cussirlrlililis
1524 2420 1544 2441 v
1599 2406 1681 2441 kari
1704 2419 1769 2441 mv

185 2471 260 2492 cum
282 2462 394 2494 Basia.
418 2464 626 2505 Metropolit.
720 2462 767 2499 30
791 2462 840 2497 sit
863 2466 895 2497 A
912 2467 948 2498 Ε
961 2466 996 2498 F
1009 2467 1049 2498 M
1060 2467 1092 2498 R
1107 2477 1126 2508 γ
1143 2463 1174 2498 λ’
1191 2464 1232 2499 62
1251 2477 1272 2508 9
1284 2477 1318 2498 m
1332 2477 1352 2498 v
1365 2478 1382 2498 z
1395 2467 1619 2508 Pphfflmph.
1631 2464 1778 2508 yles-§.1⁷

185 2515 216 2549 si
232 2515 271 2550 δι
286 2520 472 2561 Apaaay
512 2518 568 2562 sit,
586 2526 599 2553 t
611 2523 650 2553 in
663 2533 762 2554 raam
774 2534 785 2554 .-
800 2533 878 2564 er90
903 2519 952 2555 sit
964 2531 1002 2556 vl
1053 2521 1086 2556 si
1105 2531 1144 2556 2¹2
1187 2521 1238 2556 sit
1252 2531 1291 2557 ν3
1334 2532 1421 2557 cure
1436 2521 1455 2555 λ
1469 2535 1490 2566 9
1559 2521 1605 2557 31
1623 2520 1772 2565 Quante

184 2576 216 2606 A
231 2572 346 2607 Εδιλ
394 2573 535 2617 Quanti
552 2575 626 2620 ΗΜ
665 2576 886 2622 conuenilsll
901 2581 933 2611 A
982 2579 1156 2613 conuenit
1180 2582 1277 2623 Epr.
1326 2579 1505 2614 minatius
1530 2582 1771 2623 ARvnpr.m

184 2664 364 2700 minacius
388 2678 408 2709 9
455 2666 644 2701 numatius
667 2670 858 2703 Mmuar.v
907 2670 968 2714 an]
987 2638 1070 2704 anR
1116 2670 1215 2705 mala
1230 2683 1252 2715 9
1314 2669 1361 2706 32
1385 2670 1520 2706 Gracia
1543 2674 1575 2705 A
1623 2670 1770 2716 nequie-

184 2732 295 2803 qupm
325 2726 618 2768 Ayaflor.Nostr.
667 2726 907 2772 nequitquam
923 2740 944 2771 9
991 2726 1215 2773 nequiquam
1240 2738 1278 2773 γι
1304 2735 1376 2762 cett.
1392 2731 1480 2772 Pph.
1498 2731 1625 2772 Porph.
1672 2728 1772 2774 cogit

183 2828 203 2859 γ
250 2781 288 2849 εἶ
312 2828 331 2849 v
340 2828 362 2858 y
410 2818 449 2850 at
475 2818 654 2860 (praetulit
677 2819 806 2858 Bentl.)
831 2830 851 2852 ν
897 2828 940 2853 ac
964 2825 1038 2852 cett.
1050 2821 1131 2862 flor.
1148 2821 1263 2853 Nostr.
1349 2818 1397 2856 33
1429 2818 1502 2855 Seu
1527 2846 1536 2855 .
1562 2845 1571 2854 .
1597 2846 1606 2854 .
1631 2831 1696 2855 seu
1727 2831 1767 2866 72

181 2885 348 2916 superscr.
359 2885 381 2907 σ
397 2886 472 2907 cum
487 2876 705 2908 Londinensi
721 2877 943 2910 Dor-villiano
962 2878 1049 2918 (uid.
1067 2879 1179 2920 praef.
1193 2880 1259 2911 vol.
1273 2879 1344 2921 Ip.
1358 2880 1459 2919 XLI)
1473 2881 1658 2913 Zaziolcem.
1672 2881 1768 2913 Edit.

188 2933 313 2965 Veneta
331 2929 418 2965 1481
470 2930 544 2966 Seu
569 2935 674 2966 etiam
696 2936 863 2967 miniator
887 2936 959 2967 cod.
985 2936 1099 2968 Paris.
1124 2947 1148 2978 p
1210 2933 1298 2970 Heu
1323 2960 1332 2970 .
1358 2960 1367 2969 .
1394 2961 1402 2970 .
1428 2961 1437 2971 .
1462 2934 1535 2971 heu
1559 2943 1632 2971 cett.
1680 2935 1767 2971 Heu

218 3013 227 3022 .
255 3014 263 3021 .
296 2990 332 3023 et
355 2991 435 3031 flor.
461 2991 577 3023 Nostr.
627 2993 737 3024 uexat
760 2993 796 3024 Ε
839 2994 965 3025 uersat
988 3004 1011 3034 y
