1950 3236
231 132 288 173 40
763 128 963 165 HORATI
989 127 1281 165 SERMONVM

346 257 435 299 uixi
465 269 562 299 cum
595 256 787 310 quibus?
818 255 1060 297 ‘absentem
1092 256 1167 309 qui
1196 255 1313 299 rodit
1342 257 1543 309 amicum,

347 326 422 378 qui
451 337 538 367 non
572 323 769 367 defendit
801 323 887 365 alio
919 323 1136 377 culpante,
1169 324 1339 368 solutos

344 393 419 446 qui
449 395 598 446 captat
626 392 745 433 risus
775 391 1002 433 hominum
1033 390 1283 446 famamque
1314 393 1487 445 dicacis,

345 460 511 515 fingere
542 461 616 514 qui
647 472 735 502 non
769 460 866 502 uisa
895 463 1055 514 potest,
1087 462 1322 504 commissa
1352 465 1498 504 tacere

227 541 261 566 85
344 530 419 583 qui
449 529 622 582 nequit:
654 528 723 571 hic
753 528 879 581 niger
909 532 987 581 est,
1017 528 1133 571 hunc
1164 533 1225 582 tu,
1257 530 1466 583 Romane,
1499 531 1682 574 caueto?

345 609 476 650 saepe
506 596 651 639 tribus
681 596 805 640 lectis
837 597 990 639 uideas
1022 610 1177 640 cenare
1207 602 1460 652 quaternos,

344 678 367 708 e
398 666 558 719 quibus
589 678 704 708 unus
736 669 840 708 auet
871 666 1029 719 quauis
1058 679 1295 721 aspergere
1326 672 1506 711 cunctos

340 737 514 788 praeter
546 746 660 786 eum,
692 734 768 787 qui
787 734 971 787 praebet
989 747 1171 788 aquam;
1202 740 1304 789 post
1324 735 1441 779 hunc
1462 749 1637 792 quoque
1656 742 1803 792 potus,

342 802 519 845 condita
549 815 647 844 cum
680 814 815 844 uerax
846 803 990 856 aperit
1018 805 1274 857 praecordia
1303 804 1448 847 Liber.

226 882 261 908 90
341 871 410 913 hic
440 871 521 913 tibi
551 871 687 913 comis
719 874 763 913 et
792 871 989 913 urbanus
1019 872 1219 926 liberque
1249 873 1436 925 videtur,

340 939 501 982 infesto
533 940 703 993 nigris?
735 951 818 993 ego
850 941 888 982 si
917 941 1009 992 risi,
1042 942 1158 994 quod
1189 942 1367 996 ineptus

337 1051 475 1087 81—85
498 1050 885 1088 eabsentem—caueto'
901 1055 945 1090 T:
970 1052 1082 1088 florii.
1102 1052 1278 1089 Nostrad.
1395 1054 1439 1090 81
1463 1053 1803 1091 ‘absentem—›ami-

224 1096 321 1132 cum'
352 1099 397 1134 T:
429 1097 540 1133 floril.
574 1097 690 1132 Paris.
714 1097 836 1133 8818a
954 1098 1000 1134 81
1040 1100 1085 1136 S:
1119 1099 1322 1144 Augustini
1353 1100 1400 1134 ad
1438 1100 1570 1135 fratres
1609 1101 1648 1136 in
1682 1111 1804 1138 eremo

224 1153 330 1178 serm.
354 1141 418 1178 26:
443 1143 610 1188 quisquis
634 1147 735 1178 amat
759 1143 868 1179 dictis
892 1143 1145 1179 absentum
1169 1144 1335 1181 rodere
1357 1145 1487 1189 uitam,
1518 1145 1616 1182 hanc
1638 1158 1802 1183 mensam

223 1189 379 1224 uetitam
413 1189 560 1224 nouerit
592 1199 670 1224 esse
699 1189 769 1225 sibi
796 1191 809 1235 Η
834 1189 956 1226 Plaut.
976 1190 1065 1225 trin.
1088 1190 1178 1226 926:
1213 1202 1260 1226 ne
1298 1191 1393 1226 male
1427 1191 1574 1237 loquere
1613 1193 1802 1237 apsenti

223 1235 374 1270 amico
437 1233 484 1270 82
507 1245 559 1280 sq.
577 1236 622 1272 S:
649 1234 758 1280 Verg.
775 1246 810 1281 g.
826 1235 868 1271 II
892 1235 978 1272 386:
1004 1237 1186 1282 risuque
1209 1236 1369 1272 soluto
1386 1237 1400 1283 ΙΙ
1417 1237 1463 1272 cf.
1481 1237 1599 1273 Lucil.
1611 1238 1654 1274 11
1667 1249 1704 1284 p.
1722 1239 1803 1282 326,

224 1280 315 1315 1014
333 1280 440 1315 Marx
508 1280 555 1316 84
571 1290 624 1326 sq.
643 1282 687 1317 T:
705 1280 814 1316 floril.
832 1281 946 1318 Paris.
965 1280 1057 1318 8069
1126 1282 1173 1318 84
1188 1282 1235 1317 cf.
1251 1282 1421 1318 Gerberti
1438 1283 1543 1329 epist.
1559 1285 1599 1319 5:
1616 1284 1803 1336 quoniam,

223 1330 266 1360 ut
297 1325 351 1361 ait
380 1328 500 1371 poeta,
534 1335 720 1372 nusquam
751 1331 835 1362 tuta
865 1326 979 1369 fides,
1011 1331 1048 1363 et
1078 1328 1166 1373 quia
1199 1327 1458 1374 finguntur
1488 1340 1571 1365 nec
1601 1340 1705 1365 uisa
1736 1341 1802 1366 nee

223 1370 362 1415 audita,
386 1371 620 1407 uoluntatem
644 1376 807 1407 nostram
833 1373 938 1409 uobis
962 1384 1036 1408 non
1061 1373 1132 1408 nisi
1162 1373 1232 1409 scri
1260 1375 1307 1409 tis
1339 1375 1522 1420 aperimus
1551 1385 1618 1410 nec
1641 1380 1801 1411 uestram

223 1417 330 1452 aliter
354 1417 570 1464 recipiemus
689 1417 735 1453 85
759 1417 830 1454 ‘hic
846 1439 891 1444 —
907 1418 1048 1454 caueto’
1073 1422 1116 1456 T:
1143 1419 1232 1455 scho
1247 1446 1256 1455 .
1279 1419 1379 1455 Pers.
1404 1421 1437 1464 1,
1462 1421 1545 1464 110;
1577 1420 1729 1457 Seruius
1746 1422 1802 1463 ,ad

223 1463 287 1498 ecl.
312 1464 345 1507 5,
370 1463 427 1505 56,
451 1474 485 1509 g.
500 1462 520 1498 Ι
544 1461 613 1498 320
634 1463 824 1509 (Augiens.
849 1463 1094 1508 LXXXVI);
1128 1464 1296 1500 Laetant.
1322 1465 1436 1501 schol.
1464 1466 1575 1502 Statii
1597 1465 1666 1502 Th.
1690 1467 1711 1503 I
1735 1467 1800 1510 5'7;

224 1509 447 1554 Calpurnius
471 1509 509 1543 in
534 1508 615 1544 Ter.
634 1508 736 1544 haut.
763 1509 784 1544 I
810 1511 842 1553 1,
866 1511 910 1546 73
956 1511 1000 1548 S:
1027 1510 1110 1546 Val.
1126 1510 1261 1546 Max.l
1285 1511 1319 1555 8,
1352 1512 1397 1547 10
1419 1512 1685 1558 (uaticinium):
1709 1512 1804 1548 nihil

222 1554 269 1589 ad
294 1559 331 1590 te
353 1555 435 1597 hoc,
461 1554 684 1598 Romane,
710 1555 846 1590 bellum
916 1556 962 1592 87
982 1558 1025 1594 S:
1052 1557 1188 1591 Arator
1204 1560 1406 1604 aetapost.
1423 1557 1464 1592 ΙΙ
1481 1557 1567 1593 667:
1591 1558 1801 1604 equibus

225 1611 313 1635 una
337 1600 448 1635 datur
471 1600 582 1635 simul
608 1601 735 1636 insons
759 1601 931 1637 omnibus
956 1608 1056 1637 aetas
1126 1602 1171 1638 88
1195 1604 1240 1640 S:
1264 1602 1336 1639 Ou.
1362 1603 1447 1638 fast.
1471 1603 1535 1639 111
1557 1602 1647 1640 275:
1671 1604 1804 1650 Egeria

222 1650 287 1688 est,
311 1657 429 1691 quae
452 1646 646 1691 praebet
669 1657 812 1693 aquas
919 1648 967 1683 89
989 1649 1034 1685 S:
1059 1647 1220 1693 Theogn.
1245 1647 1313 1684 499
1338 1659 1435 1706 sqq;:
1459 1649 1496 1684 ἓν
1518 1648 1603 1694 πυρὶ
1624 1649 1690 1694 μὲν
1711 1663 1801 1695 χρυ-

222 1692 282 1725 σόν
306 1705 341 1726 τε
364 1692 425 1726 καὶ
449 1692 603 1736 ἄργυρον
627 1693 733 1736 ἴδριες
757 1693 881 1737 ἄνδρες
910 1693 1132 1737 ywcboxovo',
1169 1694 1295 1739 ἀνδρὸς
1319 1694 1351 1729 δ’
1375 1708 1467 1733 οινος
1490 1695 1598 1736 ἔδειξε
1621 1696 1712 1738 νόον,
1741 1696 1803 1731 καὶ

220 1737 314 1780 μάλα
336 1751 402 1781 περ
426 1742 582 1779 πινυτοῦ,
607 1737 664 1772 τὸν
688 1738 775 1782 ὑπὲρ
799 1739 926 1783 μέτρον
959 1739 1067 1783 ἤρατο
1097 1741 1221 1782 πίνων,
1252 1740 1341 1774 ὥστε
1371 1746 1598 1785 καταισχῦναι
1629 1740 1690 1776 καὶ
1719 1741 1802 1786 πρὶν

220 1782 319 1816 ἐόντα
343 1784 455 1827 σοφόν
472 1784 484 1827 ΙΙ
502 1783 586 1818 Sen.
603 1784 707 1829 epist.
725 1785 780 1825 33,
807 1785 867 1819 16:
893 1785 982 1819 uino
1005 1789 1242 1820 exaestuante
1265 1786 1439 1831 quicquid
1462 1787 1500 1821 in
1521 1786 1596 1823 imo
1619 1786 1713 1822 iacet
1735 1787 1799 1822 ab·

221 1827 354 1870 ditum,
379 1828 532 1908 eigai-tur
555 1833 591 1863 et
614 1829 738 1875 prodit
764 1831 803 1864 in
828 1830 990 1865 medium
1016 1832 1028 1875 Η
1054 1830 1167 1865 Prud.
1191 1831 1389 1877 peristeph.
1415 1831 1470 1875 10,
1493 1831 1580 1867 394:
1605 1832 1799 1867 tectis—

221 1884 415 1918 praecor
455 1885 515 1908 us

336 1975 371 2009 Ω
388 1992 432 2004 =
446 1979 670 2021 DEFMRy
682 1977 713 2010 λ’
725 1978 792 2019 (M)
806 1991 825 2012 ν
837 1991 858 2011 o
872 1981 922 2018 (a)
934 1991 955 2021 9
967 1991 1000 2011 m
1012 1982 1093 2020 uec)
1106 1992 1123 2011 z
1216 1978 1260 2013 81
1282 1978 1371 2013 Dixi
1387 1993 1479 2022 αρν.
1528 1979 1604 2025 qui]
1629 1978 1672 2027 q}
1686 1984 1796 2024 flor-il.

220 2035 333 2066 Paris.
358 2031 476 2067 88182
523 2033 627 2068 rodet
660 2047 693 2068 m
808 2034 854 2069 82
885 2033 1066 2069 deffendit
1096 2038 1130 2069 D
1199 2034 1343 2071 sulutos
1376 2039 1410 2070 D
1415 2049 1473 2079 pr.
1545 2036 1687 2073 sodales
1718 2041 1797 2073 Vin-

220 2093 351 2124 centius
467 2090 514 2126 83
537 2090 668 2126 dicatis
694 2091 821 2135 Dstpr.
836 2105 856 2135 9
971 2091 1017 2127 84
1049 2091 1143 2137 uisa]
1175 2092 1275 2127 iussa
1304 2103 1379 2136 9211
1453 2095 1566 2128 taceri
1588 2098 1625 2129 E
1683 2096 1799 2130 iacere

219 2150 274 2181 M1
429 2147 477 2182 85
515 2148 639 2193 nequit
681 2152 714 2182 R
805 2147 866 2182 hic
908 2148 1023 2193 niger]
1064 2148 1135 2184 hoc
1173 2148 1287 2184 nichil
1336 2153 1532 2186 Vincentius
1583 2165 1662 2196 opp.
1686 2155 1794 2196 floril.

221 2207 380 2238 Noatrad.
432 2214 582 2251 romane
613 2219 644 2249 ψ
760 2206 807 2242 86
839 2205 931 2251 Sepe
962 2218 1107 2250 aymuz
1167 2206 1289 2242 uideat
1312 2211 1348 2241 Ε
1400 2207 1534 2243 uidetis
1557 2207 1589 2241 λ’
1642 2207 1752 2243 uiden
1774 2222 1795 2251 9

1523 2267 1544 2287 8.

221 2294 346 2330 uideas
378 2303 451 2330 cett.
462 2309 569 2330 cuma
615 2307 742 2331 cenare
772 2300 877 2331 DRa
886 2310 980 2340 ymu
1027 2308 1179 2332 caenare
1207 2297 1302 2332 F'M
1304 2311 1324 2332 ν
1335 2302 1376 2332 ol
1430 2309 1580 2344 eaenere
1602 2299 1622 2332 λ
1668 2309 1797 2334 canere

219 2390 254 2420 Ε
309 2355 515 2443 ᾳιιαίῑθῑηὲξε
538 2401 562 2421 u
677 2388 721 2423 87
746 2398 843 2422 unus
868 2391 1359 2433 DEMRyoaqmuzaPph.
1407 2389 1503 2424 imus
1525 2389 1644 2425 Fk'zi
1659 2391 1691 2433 (v
1706 2404 1742 2424 n.
1756 2394 1794 2432 l.)

219 2458 305 2490 auet
327 2459 429 2500 DEy
437 2455 600 2500 λ’νσφψ
611 2469 830 2500 corr.a9mu
840 2470 857 2490 z
892 2456 1008 2502 [lauet
1024 2460 1067 2492 M
1106 2443 1219 2497 ἒεαθίῑ
1234 2461 1267 2491 R
1313 2460 1378 2492 aut
1392 2461 1479 2502 Pph.
1527 2461 1637 2493 novet
1651 2472 1748 2502 vppr.
1760 2462 1792 2499 ()

219 2535 388 2579 quamuis
406 2539 442 2569 Ε
457 2538 544 2579 Pph.
615 2514 697 2582 {uis
729 2549 751 2580 9
826 2535 958 2582 quauis
981 2544 1054 2571 cett.
1076 2550 1099 2571 a
1117 2540 1300 2571 Pseudacr.
1316 2540 1346 2578 ()
1440 2548 1631 2583 aspargere
1653 2541 1761 2572 ΕΕν
1773 2550 1794 2572 σ

219 2605 409 2682 ειερὲτςετθ
430 2641 518 2681 Pph.
566 2649 756 2684 aspergere
778 2652 801 2672 α
814 2647 886 2673 cett.
933 2642 1066 2674 cuntos
1089 2643 1132 2674 M
1240 2640 1286 2675 88
1309 2639 1661 2676 Ρτθῐθτ,,Ελ’σφηαε
1708 2650 1792 2675 eum

183 2697 185 2699 ’
219 2708 259 2738 in
270 2709 432 2741 ras.Dut
445 2710 519 2741 uid.
534 2711 654 2742 om.M
664 2721 722 2752 pr.
792 2709 921 2753 prebet
951 2712 1044 2743 DRi
1060 2722 1094 2742 m
1164 2709 1261 2754 post]
1287 2708 1323 2754 p’
1347 2712 1452 2753 Eym
1521 2710 1678 2755 quoque]
1703 2695 1747 2755 (ᾗ,
1769 2722 1790 2752 y

219 2761 266 2796 89
288 2763 448 2808 condita]
475 2763 642 2800 Candida
656 2778 678 2808 y
725 2764 914 2810 precordia
929 2769 979 2800 Ei
993 2776 1031 2801 σ1
1044 2780 1104 2800 mz
1150 2765 1242 2802 libet
1257 2779 1277 2809 ς
1370 2766 1418 2801 90
1433 2776 1553 2801 comes
1568 2769 1618 2801 Ri
1629 2780 1646 2799 z
1677 2765 1791 2801 comis

220 2863 268 2907 et]
294 2864 454 2899 c'6misc&
476 2870 512 2900 Ε
556 2878 626 2912 que
649 2881 712 2902 om.
722 2872 766 2902 M
763 2882 821 2912 pr.
936 2827 1207 2904 911Ι11ῗὲἓὲἶὲετη
1251 2869 1391 2914 nigris?
1416 2871 1690 2913 interpunyvhnus
1715 2881 1790 2902 cum

217 2922 418 2961 Fritzschio,
445 2925 511 2956 alii
533 2923 667 2968 nigris:
690 2928 747 2958 uel
770 2925 903 2971 nigris;
951 2926 1032 2970 ego]
1057 2936 1142 2971 ergo
1165 2929 1202 2960 Ε
1245 2926 1404 2971 ineptus]
1429 2925 1587 2970 impetus
1610 2937 1631 2968 y
