<?xml version="1.0" encoding="UTF-8"?>
<!DOCTYPE html PUBLIC "-//W3C//DTD XHTML 1.0 Transitional//EN"
    "http://www.w3.org/TR/xhtml1/DTD/xhtml1-transitional.dtd">
<html xmlns="http://www.w3.org/1999/xhtml" xml:lang="en" lang="en">
 <head>
  <title>
</title>
<meta http-equiv="Content-Type" content="text/html;charset=utf-8" />
  <meta name='ocr-system' content='tesseract 3.04.00' />
  <meta name='ocr-capabilities' content='ocr_page ocr_carea ocr_par ocr_line ocrx_word'/>
</head>
<body>
  <div class='ocr_page' id='page_1' title='image "./operahora02horauoft_0286.png"; bbox 0 0 1950 3236; ppageno 0'>
   <div class='ocr_carea' id='block_1_1' title="bbox 216 180 1301 232">
    <p class='ocr_par' dir='ltr' id='par_1_1' title="bbox 216 180 1301 232">
     <span class='ocr_line' id='line_1_1' title="bbox 216 180 1301 232; baseline -0.014 -1"><span class='ocrx_word' id='word_1_1' title='bbox 216 187 300 232; x_wconf 81' lang='grc'>278</span> <span class='ocrx_word' id='word_1_2' title='bbox 707 181 907 220; x_wconf 85' lang='lat' dir='ltr'><strong>HORATI</strong></span> <span class='ocrx_word' id='word_1_3' title='bbox 930 180 1301 218; x_wconf 80' lang='lat' dir='ltr'><strong>EPISTVLARVM</strong></span> 
     </span>
    </p>
   </div>
   <div class='ocr_carea' id='block_1_2' title="bbox 221 308 1578 1465">
    <p class='ocr_par' dir='ltr' id='par_1_2' title="bbox 333 308 1549 436">
     <span class='ocr_line' id='line_1_2' title="bbox 333 308 1549 368; baseline -0.004 -12"><span class='ocrx_word' id='word_1_4' title='bbox 333 326 461 368; x_wconf 89' lang='lat' dir='ltr'>quam</span> <span class='ocrx_word' id='word_1_5' title='bbox 494 323 650 366; x_wconf 85' lang='lat' dir='ltr'>sapere</span> <span class='ocrx_word' id='word_1_6' title='bbox 682 314 725 353; x_wconf 91' lang='lat' dir='ltr'>et</span> <span class='ocrx_word' id='word_1_7' title='bbox 754 310 885 364; x_wconf 88' lang='lat' dir='ltr'>ringi.</span> <span class='ocrx_word' id='word_1_8' title='bbox 916 308 1000 352; x_wconf 82' lang='lat' dir='ltr'>fuit</span> <span class='ocrx_word' id='word_1_9' title='bbox 1028 309 1136 352; x_wconf 88' lang='lat' dir='ltr'>haut</span> <span class='ocrx_word' id='word_1_10' title='bbox 1164 309 1371 363; x_wconf 87' lang='lat' dir='ltr'>ignobilis</span> <span class='ocrx_word' id='word_1_11' title='bbox 1403 309 1549 363; x_wconf 86' lang='lat' dir='ltr'>Argis,</span> 
     </span>
     <span class='ocr_line' id='line_1_3' title="bbox 333 378 1342 436; baseline -0.003 -12"><span class='ocrx_word' id='word_1_12' title='bbox 333 383 407 436; x_wconf 89' lang='lat' dir='ltr'>qui</span> <span class='ocrx_word' id='word_1_13' title='bbox 440 394 486 424; x_wconf 92' lang='lat' dir='ltr'>se</span> <span class='ocrx_word' id='word_1_14' title='bbox 518 380 724 423; x_wconf 88' lang='lat' dir='ltr'>credebat</span> <span class='ocrx_word' id='word_1_15' title='bbox 754 379 890 422; x_wconf 89' lang='lat' dir='ltr'>miros</span> <span class='ocrx_word' id='word_1_16' title='bbox 922 378 1076 421; x_wconf 90' lang='lat' dir='ltr'>audire</span> <span class='ocrx_word' id='word_1_17' title='bbox 1106 378 1342 432; x_wconf 84' lang='lat' dir='ltr'><strong>tragoedos</strong></span> 
     </span>
    </p>

    <p class='ocr_par' dir='ltr' id='par_1_3' title="bbox 221 446 1501 778">
     <span class='ocr_line' id='line_1_4' title="bbox 221 446 1420 501; baseline -0.003 -8"><span class='ocrx_word' id='word_1_18' title='bbox 221 461 272 489; x_wconf 76' lang='lat'>130</span> <span class='ocrx_word' id='word_1_19' title='bbox 335 452 379 493; x_wconf 90' lang='lat' dir='ltr'>in</span> <span class='ocrx_word' id='word_1_20' title='bbox 412 461 551 492; x_wconf 89' lang='lat' dir='ltr'>uacuo</span> <span class='ocrx_word' id='word_1_21' title='bbox 581 449 725 491; x_wconf 87' lang='lat' dir='ltr'>laetus</span> <span class='ocrx_word' id='word_1_22' title='bbox 757 459 906 491; x_wconf 84' lang='lat' dir='ltr'>sessor</span> <span class='ocrx_word' id='word_1_23' title='bbox 936 446 1204 501; x_wconf 84' lang='lat' dir='ltr'>plausorque</span> <span class='ocrx_word' id='word_1_24' title='bbox 1233 446 1420 499; x_wconf 77' lang='lat' dir='ltr'>theatro,</span> 
     </span>
     <span class='ocr_line' id='line_1_5' title="bbox 334 516 1303 572; baseline -0.004 -10"><span class='ocrx_word' id='word_1_25' title='bbox 334 523 482 563; x_wconf 86' lang='lat' dir='ltr'>cetera</span> <span class='ocrx_word' id='word_1_26' title='bbox 512 518 588 572; x_wconf 89' lang='lat' dir='ltr'>qui</span> <span class='ocrx_word' id='word_1_27' title='bbox 618 517 738 560; x_wconf 81' lang='lat' dir='ltr'>uitae</span> <span class='ocrx_word' id='word_1_28' title='bbox 770 520 973 560; x_wconf 85' lang='lat' dir='ltr'>seruaret</span> <span class='ocrx_word' id='word_1_29' title='bbox 1004 516 1156 559; x_wconf 88' lang='lat' dir='ltr'>munia</span> <span class='ocrx_word' id='word_1_30' title='bbox 1184 519 1303 559; x_wconf 81' lang='lat' dir='ltr'>recto</span> 
     </span>
     <span class='ocr_line' id='line_1_6' title="bbox 334 584 1441 639; baseline -0.004 -9"><span class='ocrx_word' id='word_1_31' title='bbox 334 600 469 639; x_wconf 88' lang='lat' dir='ltr'>more,</span> <span class='ocrx_word' id='word_1_32' title='bbox 502 587 647 629; x_wconf 89' lang='lat' dir='ltr'>bonus</span> <span class='ocrx_word' id='word_1_33' title='bbox 679 598 786 628; x_wconf 88' lang='lat' dir='ltr'>sane</span> <span class='ocrx_word' id='word_1_34' title='bbox 817 585 1005 637; x_wconf 88' lang='lat' dir='ltr'>uicinus,</span> <span class='ocrx_word' id='word_1_35' title='bbox 1037 584 1236 627; x_wconf 88' lang='lat' dir='ltr'>amabilis</span> <span class='ocrx_word' id='word_1_36' title='bbox 1267 584 1441 639; x_wconf 86' lang='lat' dir='ltr'>hospes,</span> 
     </span>
     <span class='ocr_line' id='line_1_7' title="bbox 336 653 1501 708; baseline -0.003 -9"><span class='ocrx_word' id='word_1_37' title='bbox 336 656 474 699; x_wconf 92' lang='lat' dir='ltr'>comis</span> <span class='ocrx_word' id='word_1_38' title='bbox 504 656 548 698; x_wconf 89' lang='lat' dir='ltr'>in</span> <span class='ocrx_word' id='word_1_39' title='bbox 581 667 778 707; x_wconf 90' lang='lat' dir='ltr'>uxorem,</span> <span class='ocrx_word' id='word_1_40' title='bbox 809 657 963 708; x_wconf 86' lang='lat' dir='ltr'>posset</span> <span class='ocrx_word' id='word_1_41' title='bbox 992 653 1067 708; x_wconf 91' lang='lat' dir='ltr'>qui</span> <span class='ocrx_word' id='word_1_42' title='bbox 1096 653 1326 708; x_wconf 83' lang='lat' dir='ltr'>ignoscere</span> <span class='ocrx_word' id='word_1_43' title='bbox 1357 654 1501 696; x_wconf 86' lang='lat' dir='ltr'>seruis</span> 
     </span>
     <span class='ocr_line' id='line_1_8' title="bbox 337 721 1292 778; baseline -0.003 -11"><span class='ocrx_word' id='word_1_44' title='bbox 337 729 382 767; x_wconf 83' lang='lat' dir='ltr'>et</span> <span class='ocrx_word' id='word_1_45' title='bbox 412 726 540 778; x_wconf 88' lang='lat' dir='ltr'>signo</span> <span class='ocrx_word' id='word_1_46' title='bbox 570 723 691 766; x_wconf 85' lang='lat' dir='ltr'>laeso</span> <span class='ocrx_word' id='word_1_47' title='bbox 723 735 812 765; x_wconf 92' lang='lat' dir='ltr'>non</span> <span class='ocrx_word' id='word_1_48' title='bbox 844 723 1039 765; x_wconf 83' lang='lat' dir='ltr'>insanire</span> <span class='ocrx_word' id='word_1_49' title='bbox 1069 721 1292 776; x_wconf 84' lang='lat' dir='ltr'>lagoenae,</span> 
     </span>
    </p>

    <p class='ocr_par' dir='ltr' id='par_1_4' title="bbox 223 791 1514 1119">
     <span class='ocr_line' id='line_1_9' title="bbox 223 791 1514 848; baseline -0.003 -11"><span class='ocrx_word' id='word_1_50' title='bbox 223 806 272 832; x_wconf 79' lang='lat'>13⁵</span> <span class='ocrx_word' id='word_1_51' title='bbox 337 796 490 848; x_wconf 87' lang='lat' dir='ltr'>posset</span> <span class='ocrx_word' id='word_1_52' title='bbox 521 794 595 847; x_wconf 88' lang='lat' dir='ltr'>qui</span> <span class='ocrx_word' id='word_1_53' title='bbox 626 805 783 847; x_wconf 90' lang='lat' dir='ltr'>rupem</span> <span class='ocrx_word' id='word_1_54' title='bbox 816 795 859 835; x_wconf 92' lang='lat' dir='ltr'>et</span> <span class='ocrx_word' id='word_1_55' title='bbox 890 795 1073 846; x_wconf 89' lang='lat' dir='ltr'>puteum</span> <span class='ocrx_word' id='word_1_56' title='bbox 1106 791 1249 834; x_wconf 82' lang='lat' dir='ltr'>uitare</span> <span class='ocrx_word' id='word_1_57' title='bbox 1279 794 1514 845; x_wconf 85' lang='lat' dir='ltr'>patentem.</span> 
     </span>
     <span class='ocr_line' id='line_1_10' title="bbox 334 859 1480 915; baseline -0.003 -10"><span class='ocrx_word' id='word_1_58' title='bbox 334 863 404 905; x_wconf 91' lang='lat' dir='ltr'>hic</span> <span class='ocrx_word' id='word_1_59' title='bbox 435 862 512 905; x_wconf 93' lang='lat' dir='ltr'>ubi</span> <span class='ocrx_word' id='word_1_60' title='bbox 542 865 830 915; x_wconf 86' lang='lat' dir='ltr'>cognatorum</span> <span class='ocrx_word' id='word_1_61' title='bbox 862 861 1022 915; x_wconf 86' lang='lat' dir='ltr'>opibus</span> <span class='ocrx_word' id='word_1_62' title='bbox 1053 860 1256 914; x_wconf 90' lang='lat' dir='ltr'>curisque</span> <span class='ocrx_word' id='word_1_63' title='bbox 1286 859 1480 902; x_wconf 86' lang='lat' dir='ltr'>refectus</span> 
     </span>
     <span class='ocr_line' id='line_1_11' title="bbox 337 929 1424 986; baseline -0.003 -12"><span class='ocrx_word' id='word_1_64' title='bbox 337 931 504 986; x_wconf 83' lang='lat' dir='ltr'>expulit</span> <span class='ocrx_word' id='word_1_65' title='bbox 535 930 731 973; x_wconf 89' lang='lat' dir='ltr'>elleboro</span> <span class='ocrx_word' id='word_1_66' title='bbox 765 929 968 972; x_wconf 91' lang='lat' dir='ltr'>morbum</span> <span class='ocrx_word' id='word_1_67' title='bbox 1000 929 1219 983; x_wconf 86' lang='lat' dir='ltr'>bilemque</span> <span class='ocrx_word' id='word_1_68' title='bbox 1249 941 1424 971; x_wconf 88' lang='lat' dir='ltr'>meraco</span> 
     </span>
     <span class='ocr_line' id='line_1_12' title="bbox 337 995 1422 1052; baseline -0.004 -9"><span class='ocrx_word' id='word_1_69' title='bbox 337 1005 381 1043; x_wconf 86' lang='lat' dir='ltr'>et</span> <span class='ocrx_word' id='word_1_70' title='bbox 410 1000 524 1043; x_wconf 85' lang='lat' dir='ltr'>redit</span> <span class='ocrx_word' id='word_1_71' title='bbox 554 999 610 1042; x_wconf 87' lang='lat' dir='ltr'>ad</span> <span class='ocrx_word' id='word_1_72' title='bbox 642 1011 761 1042; x_wconf 88' lang='lat' dir='ltr'>sese:</span> <span class='ocrx_word' id='word_1_73' title='bbox 792 995 881 1052; x_wconf 77' lang='lat' dir='ltr'>‘pol</span> <span class='ocrx_word' id='word_1_74' title='bbox 913 1010 982 1040; x_wconf 94' lang='lat' dir='ltr'>me</span> <span class='ocrx_word' id='word_1_75' title='bbox 1013 997 1249 1049; x_wconf 85' lang='lat' dir='ltr'>occidistis,</span> <span class='ocrx_word' id='word_1_76' title='bbox 1280 997 1422 1049; x_wconf 89' lang='lat' dir='ltr'>amici,</span> 
     </span>
     <span class='ocr_line' id='line_1_13' title="bbox 338 1065 1443 1119; baseline -0.005 -7"><span class='ocrx_word' id='word_1_77' title='bbox 338 1082 427 1112; x_wconf 92' lang='lat' dir='ltr'>non</span> <span class='ocrx_word' id='word_1_78' title='bbox 459 1065 689 1111; x_wconf 88' lang='lat' dir='ltr'>seruastis’</span> <span class='ocrx_word' id='word_1_79' title='bbox 721 1067 795 1118; x_wconf 88' lang='lat' dir='ltr'>ait,</span> <span class='ocrx_word' id='word_1_80' title='bbox 826 1066 911 1109; x_wconf 83' lang='lat' dir='ltr'>ecui</span> <span class='ocrx_word' id='word_1_81' title='bbox 943 1067 1005 1109; x_wconf 89' lang='lat' dir='ltr'>sic</span> <span class='ocrx_word' id='word_1_82' title='bbox 1036 1070 1206 1109; x_wconf 85' lang='lat' dir='ltr'>extorta</span> <span class='ocrx_word' id='word_1_83' title='bbox 1235 1066 1443 1119; x_wconf 85' lang='lat' dir='ltr'>uoluptas</span> 
     </span>
    </p>

    <p class='ocr_par' dir='ltr' id='par_1_5' title="bbox 223 1133 1543 1191">
     <span class='ocr_line' id='line_1_14' title="bbox 223 1133 1543 1191; baseline 0 -15"><span class='ocrx_word' id='word_1_84' title='bbox 223 1149 275 1176; x_wconf 79' lang='lat'>140</span> <span class='ocrx_word' id='word_1_85' title='bbox 339 1142 384 1180; x_wconf 87' lang='lat' dir='ltr'>et</span> <span class='ocrx_word' id='word_1_86' title='bbox 415 1138 621 1191; x_wconf 91' lang='lat' dir='ltr'>demptus</span> <span class='ocrx_word' id='word_1_87' title='bbox 652 1148 732 1190; x_wconf 91' lang='lat' dir='ltr'>per</span> <span class='ocrx_word' id='word_1_88' title='bbox 764 1137 854 1179; x_wconf 92' lang='lat' dir='ltr'>uim</span> <span class='ocrx_word' id='word_1_89' title='bbox 888 1135 1049 1178; x_wconf 92' lang='lat' dir='ltr'>mentis</span> <span class='ocrx_word' id='word_1_90' title='bbox 1083 1135 1360 1188; x_wconf 86' lang='lat' dir='ltr'>gratissimus</span> <span class='ocrx_word' id='word_1_91' title='bbox 1393 1133 1543 1177; x_wconf 69' lang='lat' dir='ltr'>error?</span> 
     </span>
    </p>

    <p class='ocr_par' dir='ltr' id='par_1_6' title="bbox 396 1203 1387 1259">
     <span class='ocr_line' id='line_1_15' title="bbox 396 1203 1387 1259; baseline -0.004 -10"><span class='ocrx_word' id='word_1_92' title='bbox 396 1207 604 1249; x_wconf 90' lang='lat' dir='ltr'>nimirum</span> <span class='ocrx_word' id='word_1_93' title='bbox 637 1207 863 1259; x_wconf 84' lang='lat' dir='ltr'>*saperest</span> <span class='ocrx_word' id='word_1_94' title='bbox 893 1203 1075 1246; x_wconf 86' lang='lat' dir='ltr'>abiectis</span> <span class='ocrx_word' id='word_1_95' title='bbox 1105 1203 1213 1245; x_wconf 83' lang='lat' dir='ltr'>utile</span> <span class='ocrx_word' id='word_1_96' title='bbox 1243 1203 1387 1256; x_wconf 87' lang='lat' dir='ltr'>nugis,</span> 
     </span>
    </p>

    <p class='ocr_par' dir='ltr' id='par_1_7' title="bbox 337 1272 1578 1465">
     <span class='ocr_line' id='line_1_16' title="bbox 339 1272 1371 1329; baseline -0.006 -10"><span class='ocrx_word' id='word_1_97' title='bbox 339 1279 382 1319; x_wconf 86' lang='lat' dir='ltr'>et</span> <span class='ocrx_word' id='word_1_98' title='bbox 412 1275 723 1329; x_wconf 81' lang='lat' dir='ltr'>tempestiuom</span> <span class='ocrx_word' id='word_1_99' title='bbox 755 1274 906 1328; x_wconf 88' lang='lat' dir='ltr'>pueris</span> <span class='ocrx_word' id='word_1_100' title='bbox 937 1272 1176 1315; x_wconf 86' lang='lat' dir='ltr'>concedere</span> <span class='ocrx_word' id='word_1_101' title='bbox 1206 1272 1371 1324; x_wconf 88' lang='lat' dir='ltr'>ludum,</span> 
     </span>
     <span class='ocr_line' id='line_1_17' title="bbox 337 1340 1531 1396; baseline -0.004 -8"><span class='ocrx_word' id='word_1_102' title='bbox 337 1358 387 1388; x_wconf 85' lang='lat' dir='ltr'>ac</span> <span class='ocrx_word' id='word_1_103' title='bbox 417 1357 504 1387; x_wconf 90' lang='lat' dir='ltr'>non</span> <span class='ocrx_word' id='word_1_104' title='bbox 536 1344 675 1386; x_wconf 90' lang='lat' dir='ltr'>uerba</span> <span class='ocrx_word' id='word_1_105' title='bbox 706 1342 831 1396; x_wconf 91' lang='lat' dir='ltr'>sequi</span> <span class='ocrx_word' id='word_1_106' title='bbox 860 1341 1025 1384; x_wconf 83' lang='lat' dir='ltr'>fidibus</span> <span class='ocrx_word' id='word_1_107' title='bbox 1058 1340 1322 1384; x_wconf 89' lang='lat' dir='ltr'>modulanda</span> <span class='ocrx_word' id='word_1_108' title='bbox 1351 1341 1531 1393; x_wconf 82' lang='lat' dir='ltr'>Latinis,</span> 
     </span>
     <span class='ocr_line' id='line_1_18' title="bbox 342 1410 1578 1465; baseline -0.003 -9"><span class='ocrx_word' id='word_1_109' title='bbox 342 1414 421 1456; x_wconf 86' lang='lat' dir='ltr'>sed</span> <span class='ocrx_word' id='word_1_110' title='bbox 452 1425 585 1455; x_wconf 89' lang='lat' dir='ltr'>uerae</span> <span class='ocrx_word' id='word_1_111' title='bbox 616 1422 913 1465; x_wconf 90' lang='lat' dir='ltr'>numerosque</span> <span class='ocrx_word' id='word_1_112' title='bbox 944 1410 1190 1464; x_wconf 88' lang='lat' dir='ltr'>modosque</span> <span class='ocrx_word' id='word_1_113' title='bbox 1221 1410 1416 1452; x_wconf 89' lang='lat' dir='ltr'>ediscere</span> <span class='ocrx_word' id='word_1_114' title='bbox 1447 1410 1578 1452; x_wconf 87' lang='lat' dir='ltr'>uitae.</span> 
     </span>
    </p>
   </div>
   <div class='ocr_carea' id='block_1_3' title="bbox 229 1507 504 1513">
    <p class='ocr_par' dir='ltr' id='par_1_8' title="bbox 229 1507 504 1513">
     <span class='ocr_line' id='line_1_19' title="bbox 229 1507 504 1513; baseline 0 0"><span class='ocrx_word' id='word_1_115' title='bbox 229 1507 504 1513; x_wconf 95' lang='lat' dir='ltr'> </span> 
     </span>
    </p>
   </div>
   <div class='ocr_carea' id='block_1_4' title="bbox 223 1541 1811 1916">
    <p class='ocr_par' dir='ltr' id='par_1_9' title="bbox 223 1541 1811 1916">
     <span class='ocr_line' id='line_1_20' title="bbox 340 1541 1811 1589; baseline -0.006 -4"><span class='ocrx_word' id='word_1_116' title='bbox 340 1549 525 1585; x_wconf 75' lang='lat'>128-140</span> <span class='ocrx_word' id='word_1_117' title='bbox 549 1550 594 1586; x_wconf 83' lang='lat' dir='ltr'>S:</span> <span class='ocrx_word' id='word_1_118' title='bbox 632 1545 900 1582; x_wconf 75' lang='lat' dir='ltr'>Pseudaristot.</span> <span class='ocrx_word' id='word_1_119' title='bbox 934 1545 1063 1580; x_wconf 86' lang='lat' dir='ltr'>mirab.</span> <span class='ocrx_word' id='word_1_120' title='bbox 1095 1544 1251 1580; x_wconf 79' lang='lat' dir='ltr'>auscult.</span> <span class='ocrx_word' id='word_1_121' title='bbox 1284 1555 1315 1579; x_wconf 89' lang='lat' dir='ltr'>c.</span> <span class='ocrx_word' id='word_1_122' title='bbox 1340 1544 1403 1580; x_wconf 83' lang='lat'>31:</span> <span class='ocrx_word' id='word_1_123' title='bbox 1434 1543 1565 1589; x_wconf 81' lang='grc' dir='ltr'><strong><em>λέγεται</em></strong></span> <span class='ocrx_word' id='word_1_124' title='bbox 1596 1542 1637 1578; x_wconf 82' lang='grc' dir='ltr'>δέ</span> <span class='ocrx_word' id='word_1_125' title='bbox 1668 1555 1742 1577; x_wconf 84' lang='grc' dir='ltr'><strong><em>τινα</em></strong></span> <span class='ocrx_word' id='word_1_126' title='bbox 1773 1541 1811 1576; x_wconf 80' lang='grc' dir='ltr'><strong><em>ἓν</em></strong></span> 
     </span>
     <span class='ocr_line' id='line_1_21' title="bbox 223 1586 1810 1641; baseline -0.006 -10"><span class='ocrx_word' id='word_1_127' title='bbox 223 1595 363 1641; x_wconf 83' lang='grc' dir='ltr'><em>Ἀβύδῳ</em></span> <span class='ocrx_word' id='word_1_128' title='bbox 385 1595 644 1639; x_wconf 82' lang='grc' dir='ltr'><strong><em>παρακόψαντα</em></strong></span> <span class='ocrx_word' id='word_1_129' title='bbox 662 1598 703 1637; x_wconf 82' lang='grc' dir='ltr'>τῇ</span> <span class='ocrx_word' id='word_1_130' title='bbox 720 1593 854 1636; x_wconf 85' lang='grc' dir='ltr'><strong><em>διανοίᾳ</em></strong></span> <span class='ocrx_word' id='word_1_131' title='bbox 872 1591 933 1626; x_wconf 80' lang='grc' dir='ltr'><strong><em>καὶ</em></strong></span> <span class='ocrx_word' id='word_1_132' title='bbox 949 1591 998 1630; x_wconf 85' lang='grc' dir='ltr'>εἷς</span> <span class='ocrx_word' id='word_1_133' title='bbox 1014 1590 1052 1625; x_wconf 85' lang='grc' dir='ltr'>τὸ</span> <span class='ocrx_word' id='word_1_134' title='bbox 1073 1591 1221 1635; x_wconf 70' lang='grc' dir='ltr'><strong><em>θέατρον</em></strong></span> <span class='ocrx_word' id='word_1_135' title='bbox 1240 1590 1429 1635; x_wconf 81' lang='grc' dir='ltr'><strong><em>ἐρχόμενον</em></strong></span> <span class='ocrx_word' id='word_1_136' title='bbox 1453 1589 1508 1624; x_wconf 75' lang='grc' dir='ltr'>ἐπὶ</span> <span class='ocrx_word' id='word_1_137' title='bbox 1523 1587 1652 1627; x_wconf 81' lang='grc' dir='ltr'><strong><em>πολλὰς</em></strong></span> <span class='ocrx_word' id='word_1_138' title='bbox 1675 1586 1810 1633; x_wconf 81' lang='grc' dir='ltr'><strong><em>ἡμέρας</em></strong></span> 
     </span>
     <span class='ocr_line' id='line_1_22' title="bbox 227 1633 1810 1686; baseline -0.005 -10"><span class='ocrx_word' id='word_1_139' title='bbox 227 1643 379 1686; x_wconf 78' lang='grc' dir='ltr'><em>θεωρεῖν</em></span> <span class='ocrx_word' id='word_1_140' title='bbox 411 1641 461 1679; x_wconf 86' lang='grc' dir='ltr'>ὡς</span> <span class='ocrx_word' id='word_1_141' title='bbox 495 1638 784 1684; x_wconf 80' lang='grc' dir='ltr'><strong><em>ὑποκρινομένων</em></strong></span> <span class='ocrx_word' id='word_1_142' title='bbox 816 1642 931 1679; x_wconf 78' lang='grc' dir='ltr'><strong><em>τινῶν,</em></strong></span> <span class='ocrx_word' id='word_1_143' title='bbox 967 1637 1027 1672; x_wconf 87' lang='grc' dir='ltr'><strong><em>καὶ</em></strong></span> <span class='ocrx_word' id='word_1_144' title='bbox 1059 1636 1363 1681; x_wconf 74' lang='grc' dir='ltr'><strong><em>ἐπισημαίνεσθαι·</em></strong></span> <span class='ocrx_word' id='word_1_145' title='bbox 1394 1635 1455 1670; x_wconf 84' lang='grc' dir='ltr'><strong><em>καὶ</em></strong></span> <span class='ocrx_word' id='word_1_146' title='bbox 1487 1635 1538 1674; x_wconf 86' lang='grc' dir='ltr'>ὡς</span> <span class='ocrx_word' id='word_1_147' title='bbox 1568 1633 1716 1678; x_wconf 81' lang='grc' dir='ltr'><strong><em>κατέστη</em></strong></span> <span class='ocrx_word' id='word_1_148' title='bbox 1749 1637 1810 1678; x_wconf 82' lang='grc' dir='ltr'>τῆς</span> 
     </span>
     <span class='ocr_line' id='line_1_23' title="bbox 226 1678 1808 1732; baseline -0.005 -10"><span class='ocrx_word' id='word_1_149' title='bbox 226 1692 455 1732; x_wconf 84' lang='grc' dir='ltr'><strong><em>παρακοπῆς,</em></strong></span> <span class='ocrx_word' id='word_1_150' title='bbox 487 1687 618 1731; x_wconf 82' lang='grc' dir='ltr'><strong><em>ἔφησεν</em></strong></span> <span class='ocrx_word' id='word_1_151' title='bbox 665 1684 798 1719; x_wconf 81' lang='grc' dir='ltr'><strong><em>ἐκεῖνον</em></strong></span> <span class='ocrx_word' id='word_1_152' title='bbox 834 1684 930 1727; x_wconf 84' lang='grc' dir='ltr'><strong><em>αὑτῷ</em></strong></span> <span class='ocrx_word' id='word_1_153' title='bbox 968 1683 1026 1717; x_wconf 83' lang='grc' dir='ltr'><strong><em>τὸν</em></strong></span> <span class='ocrx_word' id='word_1_154' title='bbox 1056 1683 1183 1727; x_wconf 89' lang='grc' dir='ltr'><strong><em>χρόνον</em></strong></span> <span class='ocrx_word' id='word_1_155' title='bbox 1226 1682 1348 1727; x_wconf 81' lang='grc' dir='ltr'><strong><em>ἥδιστα</em></strong></span> <span class='ocrx_word' id='word_1_156' title='bbox 1379 1681 1577 1727; x_wconf 75' lang='grc' dir='ltr'><strong><em>βεβιῶσθαι</em></strong></span> <span class='ocrx_word' id='word_1_157' title='bbox 1656 1678 1727 1716; x_wconf 76' lang='grc'>132</span> <span class='ocrx_word' id='word_1_158' title='bbox 1758 1678 1808 1714; x_wconf 78' lang='lat' dir='ltr'>cf.</span> 
     </span>
     <span class='ocr_line' id='line_1_24' title="bbox 228 1725 1807 1777; baseline -0.006 -9"><span class='ocrx_word' id='word_1_159' title='bbox 228 1733 383 1768; x_wconf 83' lang='lat' dir='ltr'>Hesiod.</span> <span class='ocrx_word' id='word_1_160' title='bbox 409 1733 479 1777; x_wconf 82' lang='grc' dir='ltr'><strong><em>ἔργ.</em></strong></span> <span class='ocrx_word' id='word_1_161' title='bbox 496 1746 533 1767; x_wconf 84' lang='grc' dir='ltr'>κ.</span> <span class='ocrx_word' id='word_1_162' title='bbox 549 1732 609 1776; x_wconf 82' lang='grc' dir='ltr'>ἦμ.</span> <span class='ocrx_word' id='word_1_163' title='bbox 628 1730 696 1766; x_wconf 88' lang='grc'>346</span> <span class='ocrx_word' id='word_1_164' title='bbox 715 1730 800 1765; x_wconf 84' lang='lat' dir='ltr'><strong>Rz.:</strong></span> <span class='ocrx_word' id='word_1_165' title='bbox 832 1735 932 1774; x_wconf 89' lang='grc' dir='ltr'><strong><em>πῆμα</em></strong></span> <span class='ocrx_word' id='word_1_166' title='bbox 957 1727 1070 1767; x_wconf 84' lang='grc' dir='ltr'><strong><em>κακὸς</em></strong></span> <span class='ocrx_word' id='word_1_167' title='bbox 1092 1729 1227 1773; x_wconf 81' lang='grc' dir='ltr'><strong><em>γείτων,</em></strong></span> <span class='ocrx_word' id='word_1_168' title='bbox 1251 1729 1356 1762; x_wconf 84' lang='grc' dir='ltr'><strong><em>ὅσσον</em></strong></span> <span class='ocrx_word' id='word_1_169' title='bbox 1379 1727 1409 1761; x_wconf 66' lang='lat' dir='ltr'>z&gt;</span> <span class='ocrx_word' id='word_1_170' title='bbox 1433 1726 1566 1772; x_wconf 73' lang='grc' dir='ltr'><strong><em>ἀγαθὸς</em></strong></span> <span class='ocrx_word' id='word_1_171' title='bbox 1588 1725 1663 1771; x_wconf 75' lang='grc' dir='ltr'><em>μέγ’</em></span> <span class='ocrx_word' id='word_1_172' title='bbox 1690 1725 1807 1769; x_wconf 77' lang='grc' dir='ltr'><strong><em>ὄνειαρ</em></strong></span> 
     </span>
     <span class='ocr_line' id='line_1_25' title="bbox 229 1769 1809 1820; baseline -0.006 -6"><span class='ocrx_word' id='word_1_173' title='bbox 229 1778 414 1815; x_wconf 77' lang='lat'>135-142</span> <span class='ocrx_word' id='word_1_174' title='bbox 425 1781 470 1816; x_wconf 79' lang='lat' dir='ltr'>T:</span> <span class='ocrx_word' id='word_1_175' title='bbox 484 1777 632 1813; x_wconf 82' lang='lat' dir='ltr'>floril.</span> <span class='ocrx_word' id='word_1_176' title='bbox 646 1776 682 1812; x_wconf 80' lang='lat' dir='ltr'>N</span> <span class='ocrx_word' id='word_1_177' title='bbox 694 1777 869 1812; x_wconf 81' lang='lat' dir='ltr'>ostrad.</span> <span class='ocrx_word' id='word_1_178' title='bbox 916 1776 986 1812; x_wconf 85' lang='lat'>140</span> <span class='ocrx_word' id='word_1_179' title='bbox 997 1775 1044 1810; x_wconf 81' lang='lat' dir='ltr'>cf.</span> <span class='ocrx_word' id='word_1_180' title='bbox 1055 1773 1168 1820; x_wconf 76' lang='lat' dir='ltr'>Soph.</span> <span class='ocrx_word' id='word_1_181' title='bbox 1182 1774 1239 1809; x_wconf 90' lang='lat' dir='ltr'>Ai.</span> <span class='ocrx_word' id='word_1_182' title='bbox 1249 1774 1317 1809; x_wconf 82' lang='lat'>554</span> <span class='ocrx_word' id='word_1_183' title='bbox 1328 1773 1427 1820; x_wconf 75' lang='lat'>(549)</span> <span class='ocrx_word' id='word_1_184' title='bbox 1441 1784 1449 1807; x_wconf 91' lang='lat'>:</span> <span class='ocrx_word' id='word_1_185' title='bbox 1466 1772 1503 1807; x_wconf 81' lang='grc' dir='ltr'><strong><em>ἕν</em></strong></span> <span class='ocrx_word' id='word_1_186' title='bbox 1518 1775 1570 1817; x_wconf 80' lang='grc' dir='ltr'>τῷ</span> <span class='ocrx_word' id='word_1_187' title='bbox 1588 1776 1731 1817; x_wconf 79' lang='grc' dir='ltr'><strong><em>φρονεῖν</em></strong></span> <span class='ocrx_word' id='word_1_188' title='bbox 1742 1769 1809 1816; x_wconf 73' lang='grc' dir='ltr'>γὰρ</span> 
     </span>
     <span class='ocr_line' id='line_1_26' title="bbox 228 1817 1811 1869; baseline -0.006 -9"><span class='ocrx_word' id='word_1_189' title='bbox 228 1824 339 1869; x_wconf 83' lang='grc' dir='ltr'><strong><em>μηδὲν</em></strong></span> <span class='ocrx_word' id='word_1_190' title='bbox 370 1825 508 1869; x_wconf 81' lang='grc' dir='ltr'><strong><em>ἥδιστος</em></strong></span> <span class='ocrx_word' id='word_1_191' title='bbox 540 1824 618 1869; x_wconf 84' lang='grc' dir='ltr'><strong><em>βίος</em></strong></span> <span class='ocrx_word' id='word_1_192' title='bbox 652 1823 665 1867; x_wconf 92' lang='grc' dir='ltr'>ΙΙ</span> <span class='ocrx_word' id='word_1_193' title='bbox 699 1822 812 1868; x_wconf 89' lang='lat' dir='ltr'>Verg.</span> <span class='ocrx_word' id='word_1_194' title='bbox 838 1822 930 1856; x_wconf 92' lang='lat' dir='ltr'>Aen.</span> <span class='ocrx_word' id='word_1_195' title='bbox 955 1820 994 1855; x_wconf 92' lang='lat' dir='ltr'>X</span> <span class='ocrx_word' id='word_1_196' title='bbox 1017 1819 1108 1856; x_wconf 84' lang='lat'><strong>392:</strong></span> <span class='ocrx_word' id='word_1_197' title='bbox 1132 1824 1391 1866; x_wconf 81' lang='lat' dir='ltr'>gratusque</span> <span class='ocrx_word' id='word_1_198' title='bbox 1455 1817 1643 1853; x_wconf 77' lang='lat' dir='ltr'>arentibus</span> <span class='ocrx_word' id='word_1_199' title='bbox 1679 1825 1811 1852; x_wconf 87' lang='lat' dir='ltr'>error</span> 
     </span>
     <span class='ocr_line' id='line_1_27' title="bbox 229 1860 1810 1916; baseline -0.006 -11"><span class='ocrx_word' id='word_1_200' title='bbox 229 1871 299 1907; x_wconf 71' lang='lat'>143</span> <span class='ocrx_word' id='word_1_201' title='bbox 323 1870 436 1905; x_wconf 84' lang='lat' dir='ltr'>uerba</span> <span class='ocrx_word' id='word_1_202' title='bbox 460 1870 576 1916; x_wconf 81' lang='lat' dir='ltr'>sequi]</span> <span class='ocrx_word' id='word_1_203' title='bbox 603 1870 647 1907; x_wconf 90' lang='lat' dir='ltr'>S:</span> <span class='ocrx_word' id='word_1_204' title='bbox 674 1869 827 1912; x_wconf 80' lang='grc' dir='ltr'><strong><em>ὀνόματα</em></strong></span> <span class='ocrx_word' id='word_1_205' title='bbox 851 1867 1016 1911; x_wconf 73' lang='grc' dir='ltr'><strong><em>θηρεύειν</em></strong></span> <span class='ocrx_word' id='word_1_206' title='bbox 1038 1866 1131 1902; x_wconf 81' lang='lat' dir='ltr'>Plat.</span> <span class='ocrx_word' id='word_1_207' title='bbox 1149 1866 1261 1911; x_wconf 71' lang='lat' dir='ltr'>Gorg:</span> <span class='ocrx_word' id='word_1_208' title='bbox 1285 1876 1322 1911; x_wconf 93' lang='lat' dir='ltr'>p.</span> <span class='ocrx_word' id='word_1_209' title='bbox 1339 1864 1407 1900; x_wconf 84' lang='lat'>489</span> <span class='ocrx_word' id='word_1_210' title='bbox 1538 1864 1606 1899; x_wconf 79' lang='lat'>144</span> <span class='ocrx_word' id='word_1_211' title='bbox 1628 1865 1673 1900; x_wconf 85' lang='lat' dir='ltr'>T:</span> <span class='ocrx_word' id='word_1_212' title='bbox 1697 1860 1810 1897; x_wconf 78' lang='lat' dir='ltr'>florll.</span> 
     </span>
    </p>
   </div>
   <div class='ocr_carea' id='block_1_5' title="bbox 231 1915 410 1952">
    <p class='ocr_par' dir='ltr' id='par_1_10' title="bbox 231 1915 410 1952">
     <span class='ocr_line' id='line_1_28' title="bbox 231 1915 410 1952; baseline 0 -2"><span class='ocrx_word' id='word_1_213' title='bbox 231 1916 267 1950; x_wconf 92' lang='lat' dir='ltr'>N</span> <span class='ocrx_word' id='word_1_214' title='bbox 269 1915 410 1952; x_wconf 83' lang='lat' dir='ltr'>ostrad.</span> 
     </span>
    </p>
   </div>
   <div class='ocr_carea' id='block_1_6' title="bbox 243 1993 517 1998">
    <p class='ocr_par' dir='ltr' id='par_1_11' title="bbox 243 1993 517 1998">
     <span class='ocr_line' id='line_1_29' title="bbox 243 1993 517 1998; baseline 0 0"><span class='ocrx_word' id='word_1_215' title='bbox 243 1993 517 1998; x_wconf 95' lang='lat' dir='ltr'> </span> 
     </span>
    </p>
   </div>
   <div class='ocr_carea' id='block_1_7' title="bbox 229 2031 1813 2257">
    <p class='ocr_par' dir='ltr' id='par_1_12' title="bbox 229 2031 1813 2257">
     <span class='ocr_line' id='line_1_30' title="bbox 347 2031 1813 2082; baseline -0.008 -5"><span class='ocrx_word' id='word_1_216' title='bbox 347 2042 380 2076; x_wconf 91' lang='grc' dir='ltr'><em>Ω</em></span> <span class='ocrx_word' id='word_1_217' title='bbox 393 2045 479 2076; x_wconf 88' lang='lat' dir='ltr'>=D</span> <span class='ocrx_word' id='word_1_218' title='bbox 491 2044 644 2076; x_wconf 77' lang='lat' dir='ltr'>EFMR</span> <span class='ocrx_word' id='word_1_219' title='bbox 656 2040 687 2075; x_wconf 85' lang='grc' dir='ltr'>δ’</span> <span class='ocrx_word' id='word_1_220' title='bbox 700 2041 732 2082; x_wconf 86' lang='grc' dir='ltr'>(δ</span> <span class='ocrx_word' id='word_1_221' title='bbox 743 2043 778 2082; x_wconf 80' lang='lat' dir='ltr'>d)</span> <span class='ocrx_word' id='word_1_222' title='bbox 790 2040 822 2074; x_wconf 81' lang='grc' dir='ltr'>λ’</span> <span class='ocrx_word' id='word_1_223' title='bbox 839 2040 870 2081; x_wconf 77' lang='grc' dir='ltr'>(λ</span> <span class='ocrx_word' id='word_1_224' title='bbox 884 2043 908 2080; x_wconf 91' lang='lat' dir='ltr'>l)</span> <span class='ocrx_word' id='word_1_225' title='bbox 922 2051 1102 2082; x_wconf 76' lang='grc' dir='ltr'><strong><em>νπσ97ηυ</em></strong></span> <span class='ocrx_word' id='word_1_226' title='bbox 1157 2037 1226 2072; x_wconf 81' lang='lat'>128</span> <span class='ocrx_word' id='word_1_227' title='bbox 1246 2040 1343 2079; x_wconf 74' lang='lat' dir='ltr'>rinyi</span> <span class='ocrx_word' id='word_1_228' title='bbox 1359 2039 1392 2069; x_wconf 85' lang='lat' dir='ltr'><em>R</em></span> <span class='ocrx_word' id='word_1_229' title='bbox 1446 2034 1542 2079; x_wconf 80' lang='lat' dir='ltr'>fugit</span> <span class='ocrx_word' id='word_1_230' title='bbox 1565 2037 1598 2068; x_wconf 80' lang='lat' dir='ltr'><strong><em>R</em></strong></span> <span class='ocrx_word' id='word_1_231' title='bbox 1612 2046 1670 2078; x_wconf 80' lang='lat' dir='ltr'>pr.</span> <span class='ocrx_word' id='word_1_232' title='bbox 1717 2031 1813 2067; x_wconf 79' lang='lat' dir='ltr'>haut</span> 
     </span>
     <span class='ocr_line' id='line_1_31' title="bbox 229 2091 1809 2144; baseline -0.008 -9"><span class='ocrx_word' id='word_1_233' title='bbox 229 2104 265 2136; x_wconf 82' lang='lat' dir='ltr'><em>E</em></span> <span class='ocrx_word' id='word_1_234' title='bbox 278 2104 442 2144; x_wconf 64' lang='lat' dir='ltr'>Motppr.</span> <span class='ocrx_word' id='word_1_235' title='bbox 457 2102 540 2142; x_wconf 81' lang='lat' dir='ltr'>dpr.</span> <span class='ocrx_word' id='word_1_236' title='bbox 551 2111 585 2132; x_wconf 87' lang='lat' dir='ltr'>m</span> <span class='ocrx_word' id='word_1_237' title='bbox 648 2101 713 2132; x_wconf 76' lang='lat' dir='ltr'>aut</span> <span class='ocrx_word' id='word_1_238' title='bbox 737 2110 757 2141; x_wconf 98' lang='grc'><strong><em>9</em></strong></span> <span class='ocrx_word' id='word_1_239' title='bbox 768 2100 842 2140; x_wconf 83' lang='lat' dir='ltr'>lpr.</span> <span class='ocrx_word' id='word_1_240' title='bbox 855 2099 939 2140; x_wconf 78' lang='lat' dir='ltr'>Pph.</span> <span class='ocrx_word' id='word_1_241' title='bbox 965 2093 1266 2129; x_wconf 59' lang='lat' dir='ltr'>haudDRcSI-vn</span> <span class='ocrx_word' id='word_1_242' title='bbox 1277 2106 1344 2137; x_wconf 81' lang='grc' dir='ltr'>φψ</span> <span class='ocrx_word' id='word_1_243' title='bbox 1355 2105 1441 2127; x_wconf 82' lang='lat' dir='ltr'>corr.</span> <span class='ocrx_word' id='word_1_244' title='bbox 1460 2094 1577 2125; x_wconf 80' lang='lat' dir='ltr'>dcorr.</span> <span class='ocrx_word' id='word_1_245' title='bbox 1588 2091 1809 2134; x_wconf 61' lang='lat' dir='ltr'>lcorrmflor.</span> 
     </span>
     <span class='ocr_line' id='line_1_32' title="bbox 239 2147 1812 2199; baseline -0.007 -7"><span class='ocrx_word' id='word_1_246' title='bbox 239 2161 354 2192; x_wconf 72' lang='lat' dir='ltr'>Nostr.</span> <span class='ocrx_word' id='word_1_247' title='bbox 414 2155 483 2191; x_wconf 78' lang='lat'>129</span> <span class='ocrx_word' id='word_1_248' title='bbox 506 2154 674 2199; x_wconf 83' lang='lat' dir='ltr'>tragedos</span> <span class='ocrx_word' id='word_1_249' title='bbox 699 2154 718 2188; x_wconf 80' lang='grc' dir='ltr'><em>λ</em></span> <span class='ocrx_word' id='word_1_250' title='bbox 734 2167 767 2188; x_wconf 84' lang='lat' dir='ltr'>m</span> <span class='ocrx_word' id='word_1_251' title='bbox 815 2151 1057 2197; x_wconf 81' lang='lat' dir='ltr'>traguoechos</span> <span class='ocrx_word' id='word_1_252' title='bbox 1076 2151 1131 2191; x_wconf 76' lang='grc' dir='ltr'>δι,</span> <span class='ocrx_word' id='word_1_253' title='bbox 1147 2158 1232 2184; x_wconf 82' lang='lat' dir='ltr'>recte</span> <span class='ocrx_word' id='word_1_254' title='bbox 1250 2150 1290 2184; x_wconf 68' lang='grc' dir='ltr'>δε</span> <span class='ocrx_word' id='word_1_255' title='bbox 1341 2147 1515 2184; x_wconf 81' lang='lat' dir='ltr'>1301etus</span> <span class='ocrx_word' id='word_1_256' title='bbox 1530 2147 1593 2182; x_wconf 80' lang='grc' dir='ltr'>Ελ</span> <span class='ocrx_word' id='word_1_257' title='bbox 1605 2160 1627 2192; x_wconf 89' lang='grc'><strong><em>9</em></strong></span> <span class='ocrx_word' id='word_1_258' title='bbox 1651 2157 1767 2183; x_wconf 69' lang='grc' dir='ltr'>εεεεοι·</span> <span class='ocrx_word' id='word_1_259' title='bbox 1779 2150 1812 2181; x_wconf 93' lang='lat' dir='ltr'><em>D</em></span> 
     </span>
     <span class='ocr_line' id='line_1_33' title="bbox 235 2203 1810 2257; baseline -0.008 -7"><span class='ocrx_word' id='word_1_260' title='bbox 235 2213 408 2251; x_wconf 75' lang='lat' dir='ltr'>theathro</span> <span class='ocrx_word' id='word_1_261' title='bbox 421 2227 448 2257; x_wconf 86' lang='grc' dir='ltr'><em>φ</em></span> <span class='ocrx_word' id='word_1_262' title='bbox 497 2213 564 2247; x_wconf 81' lang='lat'>131</span> <span class='ocrx_word' id='word_1_263' title='bbox 577 2211 708 2247; x_wconf 79' lang='lat' dir='ltr'>Cetera</span> <span class='ocrx_word' id='word_1_264' title='bbox 721 2214 752 2245; x_wconf 79' lang='lat' dir='ltr'><em>R</em></span> <span class='ocrx_word' id='word_1_265' title='bbox 765 2210 816 2245; x_wconf 84' lang='grc' dir='ltr'>δί</span> <span class='ocrx_word' id='word_1_266' title='bbox 830 2212 1100 2254; x_wconf 77' lang='lat' dir='ltr'>9mvah.flor.</span> <span class='ocrx_word' id='word_1_267' title='bbox 1114 2211 1228 2242; x_wconf 73' lang='lat' dir='ltr'>Nostr.</span> <span class='ocrx_word' id='word_1_268' title='bbox 1255 2206 1408 2242; x_wconf 84' lang='lat' dir='ltr'>Caetera</span> <span class='ocrx_word' id='word_1_269' title='bbox 1419 2206 1460 2240; x_wconf 70' lang='grc' dir='ltr'>δε</span> <span class='ocrx_word' id='word_1_270' title='bbox 1478 2213 1549 2240; x_wconf 82' lang='lat' dir='ltr'>cett.</span> <span class='ocrx_word' id='word_1_271' title='bbox 1574 2203 1651 2251; x_wconf 93' lang='lat' dir='ltr'>qui]</span> <span class='ocrx_word' id='word_1_272' title='bbox 1670 2214 1764 2250; x_wconf 83' lang='lat' dir='ltr'>quae</span> <span class='ocrx_word' id='word_1_273' title='bbox 1780 2207 1810 2238; x_wconf 80' lang='lat' dir='ltr'>ll</span> 
     </span>
    </p>
   </div>
   <div class='ocr_carea' id='block_1_8' title="bbox 233 2264 1814 2356">
    <p class='ocr_par' dir='ltr' id='par_1_13' title="bbox 233 2264 1814 2356">
     <span class='ocr_line' id='line_1_34' title="bbox 233 2264 1814 2356; baseline -0.008 -2"><span class='ocrx_word' id='word_1_274' title='bbox 233 2317 306 2354; x_wconf 78' lang='lat'>132</span> <span class='ocrx_word' id='word_1_275' title='bbox 330 2317 487 2352; x_wconf 85' lang='lat' dir='ltr'>uicimus</span> <span class='ocrx_word' id='word_1_276' title='bbox 510 2315 575 2350; x_wconf 81' lang='grc' dir='ltr'><strong><em>λα.</em></strong></span> <span class='ocrx_word' id='word_1_277' title='bbox 591 2328 659 2350; x_wconf 77' lang='lat' dir='ltr'>ras.</span> <span class='ocrx_word' id='word_1_278' title='bbox 731 2313 800 2350; x_wconf 85' lang='grc'>133</span> <span class='ocrx_word' id='word_1_279' title='bbox 823 2312 934 2348; x_wconf 83' lang='lat' dir='ltr'>comis</span> <span class='ocrx_word' id='word_1_280' title='bbox 957 2312 976 2345; x_wconf 80' lang='grc' dir='ltr'><em>λ</em></span> <span class='ocrx_word' id='word_1_281' title='bbox 1024 2310 1180 2356; x_wconf 74' lang='lat' dir='ltr'>Comisse</span> <span class='ocrx_word' id='word_1_282' title='bbox 1205 2314 1238 2344; x_wconf 82' lang='lat' dir='ltr'><em>R</em></span> <span class='ocrx_word' id='word_1_283' title='bbox 1306 2264 1539 2354; x_wconf 62' lang='grc' dir='ltr'><strong>1341ἱέἔὲοῑ</strong></span> <span class='ocrx_word' id='word_1_284' title='bbox 1584 2307 1660 2343; x_wconf 82' lang='lat' dir='ltr'>leso</span> <span class='ocrx_word' id='word_1_285' title='bbox 1683 2307 1743 2342; x_wconf 67' lang='lat' dir='ltr'>R).</span> <span class='ocrx_word' id='word_1_286' title='bbox 1751 2320 1814 2351; x_wconf 77' lang='grc' dir='ltr'>91η</span> 
     </span>
    </p>
   </div>
   <div class='ocr_carea' id='block_1_9' title="bbox 230 2364 1809 2530">
    <p class='ocr_par' dir='ltr' id='par_1_14' title="bbox 230 2364 1809 2530">
     <span class='ocr_line' id='line_1_35' title="bbox 231 2364 1783 2421; baseline -0.006 -11"><span class='ocrx_word' id='word_1_287' title='bbox 231 2375 411 2421; x_wconf 63' lang='lat' dir='ltr'>lagoefne</span> <span class='ocrx_word' id='word_1_288' title='bbox 434 2378 470 2409; x_wconf 87' lang='lat' dir='ltr'><em>E</em></span> <span class='ocrx_word' id='word_1_289' title='bbox 524 2372 698 2418; x_wconf 85' lang='lat' dir='ltr'>lagoenae</span> <span class='ocrx_word' id='word_1_290' title='bbox 721 2374 764 2405; x_wconf 85' lang='lat' dir='ltr'><em>M</em></span> <span class='ocrx_word' id='word_1_291' title='bbox 782 2383 857 2405; x_wconf 82' lang='lat' dir='ltr'>cum</span> <span class='ocrx_word' id='word_1_292' title='bbox 880 2373 910 2404; x_wconf 88' lang='lat' dir='ltr'><em>L</em></span> <span class='ocrx_word' id='word_1_293' title='bbox 973 2370 1124 2414; x_wconf 85' lang='lat' dir='ltr'>lagoene</span> <span class='ocrx_word' id='word_1_294' title='bbox 1146 2381 1167 2412; x_wconf 80' lang='grc'><strong><em>9</em></strong></span> <span class='ocrx_word' id='word_1_295' title='bbox 1228 2367 1356 2413; x_wconf 74' lang='lat' dir='ltr'>lagene</span> <span class='ocrx_word' id='word_1_296' title='bbox 1379 2370 1413 2401; x_wconf 91' lang='lat' dir='ltr'><em>D</em></span> <span class='ocrx_word' id='word_1_297' title='bbox 1459 2364 1608 2401; x_wconf 79' lang='lat' dir='ltr'>lacenae</span> <span class='ocrx_word' id='word_1_298' title='bbox 1630 2364 1723 2400; x_wconf 73' lang='lat' dir='ltr'>F6&#39;1</span> <span class='ocrx_word' id='word_1_299' title='bbox 1738 2374 1783 2400; x_wconf 78' lang='grc' dir='ltr'>πι</span> 
     </span>
     <span class='ocr_line' id='line_1_36' title="bbox 232 2423 1809 2479; baseline -0.008 -10"><span class='ocrx_word' id='word_1_300' title='bbox 232 2434 377 2479; x_wconf 80' lang='lat' dir='ltr'>lacaene</span> <span class='ocrx_word' id='word_1_301' title='bbox 400 2433 439 2467; x_wconf 78' lang='grc' dir='ltr'>λι</span> <span class='ocrx_word' id='word_1_302' title='bbox 490 2430 690 2476; x_wconf 81' lang='lat' dir='ltr'>lacllaenae</span> <span class='ocrx_word' id='word_1_303' title='bbox 705 2432 738 2464; x_wconf 85' lang='lat' dir='ltr'><em>R</em></span> <span class='ocrx_word' id='word_1_304' title='bbox 785 2428 935 2474; x_wconf 83' lang='lat' dir='ltr'>lagenae</span> <span class='ocrx_word' id='word_1_305' title='bbox 958 2427 1011 2462; x_wconf 75' lang='grc' dir='ltr'><strong><em>δέ</em></strong></span> <span class='ocrx_word' id='word_1_306' title='bbox 1026 2426 1065 2461; x_wconf 65' lang='lat'>22</span> <span class='ocrx_word' id='word_1_307' title='bbox 1077 2436 1123 2461; x_wconf 69' lang='lat' dir='ltr'>aa</span> <span class='ocrx_word' id='word_1_308' title='bbox 1139 2438 1160 2460; x_wconf 94' lang='grc' dir='ltr'><strong><em>σ</em></strong></span> <span class='ocrx_word' id='word_1_309' title='bbox 1171 2438 1203 2460; x_wconf 87' lang='lat' dir='ltr'>m</span> <span class='ocrx_word' id='word_1_310' title='bbox 1220 2439 1237 2460; x_wconf 83' lang='grc' dir='ltr'>υ</span> <span class='ocrx_word' id='word_1_311' title='bbox 1285 2424 1415 2470; x_wconf 73' lang='lat' dir='ltr'>lagene</span> <span class='ocrx_word' id='word_1_312' title='bbox 1438 2437 1458 2458; x_wconf 92' lang='grc' dir='ltr'><strong><em>ν</em></strong></span> <span class='ocrx_word' id='word_1_313' title='bbox 1527 2423 1599 2459; x_wconf 80' lang='lat'>135</span> <span class='ocrx_word' id='word_1_314' title='bbox 1622 2425 1809 2468; x_wconf 79' lang='lat' dir='ltr'>patentem</span> 
     </span>
     <span class='ocr_line' id='line_1_37' title="bbox 230 2479 1802 2530; baseline -0.007 -4"><span class='ocrx_word' id='word_1_315' title='bbox 230 2495 264 2526; x_wconf 92' lang='lat' dir='ltr'><em>D</em></span> <span class='ocrx_word' id='word_1_316' title='bbox 276 2494 370 2526; x_wconf 61' lang='lat' dir='ltr'>Effe</span> <span class='ocrx_word' id='word_1_317' title='bbox 385 2493 466 2524; x_wconf 87' lang='lat' dir='ltr'>MR</span> <span class='ocrx_word' id='word_1_318' title='bbox 478 2488 531 2523; x_wconf 72' lang='lat'>6&#39;2</span> <span class='ocrx_word' id='word_1_319' title='bbox 546 2488 596 2522; x_wconf 62' lang='lat'>2¹2</span> <span class='ocrx_word' id='word_1_320' title='bbox 612 2501 631 2522; x_wconf 89' lang='grc' dir='ltr'><strong><em>ν</em></strong></span> <span class='ocrx_word' id='word_1_321' title='bbox 642 2497 688 2522; x_wconf 75' lang='grc' dir='ltr'>π2</span> <span class='ocrx_word' id='word_1_322' title='bbox 704 2498 725 2521; x_wconf 90' lang='grc' dir='ltr'><strong><em>σ</em></strong></span> <span class='ocrx_word' id='word_1_323' title='bbox 736 2500 757 2530; x_wconf 84' lang='grc'><strong><em>9</em></strong></span> <span class='ocrx_word' id='word_1_324' title='bbox 769 2499 802 2520; x_wconf 86' lang='lat' dir='ltr'>m</span> <span class='ocrx_word' id='word_1_325' title='bbox 813 2499 833 2520; x_wconf 87' lang='lat' dir='ltr'><em>v</em></span> <span class='ocrx_word' id='word_1_326' title='bbox 846 2489 927 2529; x_wconf 86' lang='lat' dir='ltr'>flor.</span> <span class='ocrx_word' id='word_1_327' title='bbox 941 2488 1056 2518; x_wconf 77' lang='lat' dir='ltr'>Nostr.</span> <span class='ocrx_word' id='word_1_328' title='bbox 1105 2486 1293 2529; x_wconf 81' lang='lat' dir='ltr'>parentem</span> <span class='ocrx_word' id='word_1_329' title='bbox 1312 2485 1360 2516; x_wconf 77' lang='lat' dir='ltr'>Fi</span> <span class='ocrx_word' id='word_1_330' title='bbox 1381 2481 1433 2516; x_wconf 85' lang='grc' dir='ltr'>δί</span> <span class='ocrx_word' id='word_1_331' title='bbox 1453 2480 1503 2515; x_wconf 75' lang='grc' dir='ltr'>λ’1</span> <span class='ocrx_word' id='word_1_332' title='bbox 1524 2490 1569 2516; x_wconf 80' lang='grc' dir='ltr'>πι</span> <span class='ocrx_word' id='word_1_333' title='bbox 1657 2479 1728 2516; x_wconf 80' lang='grc'>136</span> <span class='ocrx_word' id='word_1_334' title='bbox 1748 2488 1802 2514; x_wconf 74' lang='lat' dir='ltr'>ro-</span> 
     </span>
    </p>
   </div>
   <div class='ocr_carea' id='block_1_10' title="bbox 248 2561 1807 2630">
    <p class='ocr_par' dir='ltr' id='par_1_15' title="bbox 248 2561 1807 2630">
     <span class='ocr_line' id='line_1_38' title="bbox 248 2561 1807 2630; baseline -0.009 -1"><span class='ocrx_word' id='word_1_335' title='bbox 248 2561 346 2629; x_wconf 60' lang='lat' dir='ltr'>ectgs</span> <span class='ocrx_word' id='word_1_336' title='bbox 358 2597 401 2628; x_wconf 98' lang='lat' dir='ltr'><em>M</em></span> <span class='ocrx_word' id='word_1_337' title='bbox 464 2591 531 2628; x_wconf 81' lang='grc'>137</span> <span class='ocrx_word' id='word_1_338' title='bbox 552 2590 710 2626; x_wconf 86' lang='lat' dir='ltr'>elleboro</span> <span class='ocrx_word' id='word_1_339' title='bbox 722 2593 757 2624; x_wconf 89' lang='lat' dir='ltr'><em>E</em></span> <span class='ocrx_word' id='word_1_340' title='bbox 767 2592 802 2623; x_wconf 78' lang='lat' dir='ltr'><em>F</em></span> <span class='ocrx_word' id='word_1_341' title='bbox 809 2592 850 2623; x_wconf 90' lang='lat' dir='ltr'><em>M</em></span> <span class='ocrx_word' id='word_1_342' title='bbox 857 2591 909 2623; x_wconf 68' lang='grc' dir='ltr'>ΕΒ</span> <span class='ocrx_word' id='word_1_343' title='bbox 925 2587 956 2622; x_wconf 76' lang='grc' dir='ltr'>δ’</span> <span class='ocrx_word' id='word_1_344' title='bbox 972 2587 1003 2621; x_wconf 81' lang='grc' dir='ltr'>λ’</span> <span class='ocrx_word' id='word_1_345' title='bbox 1016 2601 1035 2621; x_wconf 92' lang='grc' dir='ltr'><strong><em>ν</em></strong></span> <span class='ocrx_word' id='word_1_346' title='bbox 1046 2597 1092 2621; x_wconf 66' lang='lat' dir='ltr'>rm</span> <span class='ocrx_word' id='word_1_347' title='bbox 1108 2599 1129 2621; x_wconf 92' lang='grc' dir='ltr'><strong><em>σ</em></strong></span> <span class='ocrx_word' id='word_1_348' title='bbox 1140 2600 1161 2630; x_wconf 94' lang='grc'><strong><em>9</em></strong></span> <span class='ocrx_word' id='word_1_349' title='bbox 1173 2599 1206 2620; x_wconf 88' lang='lat' dir='ltr'>m</span> <span class='ocrx_word' id='word_1_350' title='bbox 1217 2599 1237 2619; x_wconf 80' lang='lat' dir='ltr'><em>v</em></span> <span class='ocrx_word' id='word_1_351' title='bbox 1250 2588 1336 2629; x_wconf 77' lang='lat' dir='ltr'>Pph.</span> <span class='ocrx_word' id='word_1_352' title='bbox 1346 2588 1426 2628; x_wconf 90' lang='lat' dir='ltr'>flor.</span> <span class='ocrx_word' id='word_1_353' title='bbox 1444 2587 1559 2618; x_wconf 78' lang='grc' dir='ltr'><strong><em>Νοειν.</em></strong></span> <span class='ocrx_word' id='word_1_354' title='bbox 1607 2581 1752 2618; x_wconf 80' lang='lat' dir='ltr'>eleboro</span> <span class='ocrx_word' id='word_1_355' title='bbox 1772 2583 1807 2615; x_wconf 90' lang='lat' dir='ltr'><em>D</em></span> 
     </span>
    </p>
   </div>
   <div class='ocr_carea' id='block_1_11' title="bbox 235 2637 1823 3024">
    <p class='ocr_par' dir='ltr' id='par_1_16' title="bbox 247 2637 1820 2732">
     <span class='ocr_line' id='line_1_39' title="bbox 247 2637 1820 2692; baseline -0.009 -6"><span class='ocrx_word' id='word_1_356' title='bbox 247 2650 400 2686; x_wconf 87' lang='lat' dir='ltr'>illeboro</span> <span class='ocrx_word' id='word_1_357' title='bbox 423 2654 473 2685; x_wconf 82' lang='lat' dir='ltr'>Ri</span> <span class='ocrx_word' id='word_1_358' title='bbox 493 2659 537 2684; x_wconf 85' lang='grc' dir='ltr'>πι</span> <span class='ocrx_word' id='word_1_359' title='bbox 602 2647 712 2683; x_wconf 89' lang='lat' dir='ltr'>bilem</span> <span class='ocrx_word' id='word_1_360' title='bbox 738 2644 854 2684; x_wconf 72' lang='lat' dir='ltr'>mbbu</span> <span class='ocrx_word' id='word_1_361' title='bbox 871 2657 905 2692; x_wconf 91' lang='lat' dir='ltr'>q,</span> <span class='ocrx_word' id='word_1_362' title='bbox 921 2659 941 2690; x_wconf 81' lang='grc'><strong><em>9</em></strong></span> <span class='ocrx_word' id='word_1_363' title='bbox 1001 2644 1176 2689; x_wconf 77' lang='lat' dir='ltr'>meraslco</span> <span class='ocrx_word' id='word_1_364' title='bbox 1200 2647 1232 2677; x_wconf 81' lang='lat' dir='ltr'><em>R</em></span> <span class='ocrx_word' id='word_1_365' title='bbox 1324 2642 1394 2678; x_wconf 78' lang='lat'>138</span> <span class='ocrx_word' id='word_1_366' title='bbox 1416 2640 1509 2676; x_wconf 86' lang='lat' dir='ltr'>redit</span> <span class='ocrx_word' id='word_1_367' title='bbox 1532 2641 1552 2675; x_wconf 82' lang='grc' dir='ltr'><em>δ</em></span> <span class='ocrx_word' id='word_1_368' title='bbox 1599 2637 1781 2675; x_wconf 70' lang='lat' dir='ltr'>occidistis</span> <span class='ocrx_word' id='word_1_369' title='bbox 1799 2637 1820 2671; x_wconf 81' lang='grc' dir='ltr'><strong><em>ὅ</em></strong></span> 
     </span>
     <span class='ocr_line' id='line_1_40' title="bbox 1561 2696 1650 2732; baseline -0.011 0"><span class='ocrx_word' id='word_1_370' title='bbox 1561 2698 1580 2732; x_wconf 62' lang='lat'><em>1</em></span> <span class='ocrx_word' id='word_1_371' title='bbox 1603 2696 1650 2731; x_wconf 83' lang='lat' dir='ltr'>tis</span> 
     </span>
    </p>

    <p class='ocr_par' dir='ltr' id='par_1_17' title="bbox 244 2742 1821 2798">
     <span class='ocr_line' id='line_1_41' title="bbox 244 2742 1821 2798; baseline -0.01 -9"><span class='ocrx_word' id='word_1_372' title='bbox 244 2754 316 2789; x_wconf 84' lang='grc'><strong>139</strong></span> <span class='ocrx_word' id='word_1_373' title='bbox 348 2753 423 2798; x_wconf 82' lang='lat' dir='ltr'>cui]</span> <span class='ocrx_word' id='word_1_374' title='bbox 460 2751 559 2798; x_wconf 89' lang='lat' dir='ltr'>quod</span> <span class='ocrx_word' id='word_1_375' title='bbox 591 2754 718 2795; x_wconf 77' lang='lat' dir='ltr'>Porph.</span> <span class='ocrx_word' id='word_1_376' title='bbox 812 2748 882 2784; x_wconf 86' lang='grc'>140</span> <span class='ocrx_word' id='word_1_377' title='bbox 919 2747 1051 2783; x_wconf 80' lang='lat' dir='ltr'>mentis</span> <span class='ocrx_word' id='word_1_378' title='bbox 1084 2760 1148 2781; x_wconf 86' lang='lat' dir='ltr'>om.</span> <span class='ocrx_word' id='word_1_379' title='bbox 1182 2745 1233 2781; x_wconf 81' lang='grc' dir='ltr'>δί</span> <span class='ocrx_word' id='word_1_380' title='bbox 1260 2758 1334 2780; x_wconf 81' lang='lat' dir='ltr'>cum</span> <span class='ocrx_word' id='word_1_381' title='bbox 1363 2748 1473 2779; x_wconf 50' lang='lat' dir='ltr'>Voss-,1</span> <span class='ocrx_word' id='word_1_382' title='bbox 1532 2742 1771 2789; x_wconf 77' lang='lat' dir='ltr'>grauissimus</span> <span class='ocrx_word' id='word_1_383' title='bbox 1801 2753 1821 2773; x_wconf 83' lang='lat' dir='ltr'><em>v</em></span> 
     </span>
    </p>

    <p class='ocr_par' dir='ltr' id='par_1_18' title="bbox 241 2797 1823 2856">
     <span class='ocr_line' id='line_1_42' title="bbox 241 2797 1823 2856; baseline -0.009 -10"><span class='ocrx_word' id='word_1_384' title='bbox 241 2812 313 2846; x_wconf 65' lang='lat'>141</span> <span class='ocrx_word' id='word_1_385' title='bbox 339 2822 422 2856; x_wconf 76' lang='lat' dir='ltr'>sape</span> <span class='ocrx_word' id='word_1_386' title='bbox 448 2811 549 2855; x_wconf 72' lang='lat' dir='ltr'>[ssest</span> <span class='ocrx_word' id='word_1_387' title='bbox 573 2810 604 2850; x_wconf 81' lang='grc' dir='ltr'>ὃ,</span> <span class='ocrx_word' id='word_1_388' title='bbox 632 2811 765 2843; x_wconf 81' lang='lat' dir='ltr'>lineola</span> <span class='ocrx_word' id='word_1_389' title='bbox 783 2820 850 2851; x_wconf 81' lang='lat' dir='ltr'>per</span> <span class='ocrx_word' id='word_1_390' title='bbox 873 2817 897 2852; x_wconf 90' lang='lat' dir='ltr'>p</span> <span class='ocrx_word' id='word_1_391' title='bbox 922 2809 1024 2840; x_wconf 69' lang='lat' dir='ltr'>ducta</span> <span class='ocrx_word' id='word_1_392' title='bbox 1048 2808 1089 2839; x_wconf 88' lang='lat' dir='ltr'>ab</span> <span class='ocrx_word' id='word_1_393' title='bbox 1115 2807 1174 2838; x_wconf 75' lang='lat' dir='ltr'>alt.</span> <span class='ocrx_word' id='word_1_394' title='bbox 1199 2816 1233 2837; x_wconf 84' lang='lat' dir='ltr'>m</span> <span class='ocrx_word' id='word_1_395' title='bbox 1278 2801 1430 2837; x_wconf 76' lang='lat' dir='ltr'>abiectis</span> <span class='ocrx_word' id='word_1_396' title='bbox 1454 2803 1509 2836; x_wconf 82' lang='lat' dir='ltr'>est</span> <span class='ocrx_word' id='word_1_397' title='bbox 1541 2803 1564 2834; x_wconf 83' lang='lat' dir='ltr'><strong><em>d</em></strong></span> <span class='ocrx_word' id='word_1_398' title='bbox 1642 2797 1711 2834; x_wconf 81' lang='grc'>142</span> <span class='ocrx_word' id='word_1_399' title='bbox 1733 2799 1823 2832; x_wconf 60' lang='lat' dir='ltr'>tem*</span> 
     </span>
    </p>

    <p class='ocr_par' dir='ltr' id='par_1_19' title="bbox 243 2855 1822 2912">
     <span class='ocr_line' id='line_1_43' title="bbox 243 2855 1822 2912; baseline -0.009 -11"><span class='ocrx_word' id='word_1_400' title='bbox 243 2867 437 2912; x_wconf 72' lang='lat' dir='ltr'>pestiuom]</span> <span class='ocrx_word' id='word_1_401' title='bbox 471 2866 668 2911; x_wconf 74' lang='lat' dir='ltr'>tempestifi</span> <span class='ocrx_word' id='word_1_402' title='bbox 699 2863 766 2907; x_wconf 83' lang='grc' dir='ltr'>δί,</span> <span class='ocrx_word' id='word_1_403' title='bbox 791 2866 877 2906; x_wconf 75' lang='lat' dir='ltr'>fort.</span> <span class='ocrx_word' id='word_1_404' title='bbox 903 2869 1014 2896; x_wconf 73' lang='lat' dir='ltr'>ortum</span> <span class='ocrx_word' id='word_1_405' title='bbox 1047 2875 1086 2896; x_wconf 78' lang='lat' dir='ltr'>ex</span> <span class='ocrx_word' id='word_1_406' title='bbox 1117 2859 1377 2906; x_wconf 69' lang='lat' dir='ltr'>tempestiuam</span> <span class='ocrx_word' id='word_1_407' title='bbox 1455 2855 1715 2903; x_wconf 78' lang='lat' dir='ltr'>tempestiuum</span> <span class='ocrx_word' id='word_1_408' title='bbox 1749 2861 1822 2888; x_wconf 74' lang='lat' dir='ltr'>cett.</span> 
     </span>
    </p>

    <p class='ocr_par' dir='ltr' id='par_1_20' title="bbox 235 2910 1823 2968">
     <span class='ocr_line' id='line_1_44' title="bbox 235 2910 1823 2968; baseline -0.009 -9"><span class='ocrx_word' id='word_1_409' title='bbox 235 2928 328 2967; x_wconf 76' lang='lat' dir='ltr'>Pph.</span> <span class='ocrx_word' id='word_1_410' title='bbox 338 2928 416 2968; x_wconf 84' lang='lat' dir='ltr'>flor.</span> <span class='ocrx_word' id='word_1_411' title='bbox 433 2928 549 2958; x_wconf 72' lang='lat' dir='ltr'>Noctr.</span> <span class='ocrx_word' id='word_1_412' title='bbox 628 2923 698 2958; x_wconf 87' lang='grc'>144</span> <span class='ocrx_word' id='word_1_413' title='bbox 729 2921 809 2967; x_wconf 78' lang='lat' dir='ltr'>sed]</span> <span class='ocrx_word' id='word_1_414' title='bbox 832 2924 869 2952; x_wconf 86' lang='grc' dir='ltr'>Ξ</span> <span class='ocrx_word' id='word_1_415' title='bbox 886 2923 921 2955; x_wconf 78' lang='lat' dir='ltr'>st</span> <span class='ocrx_word' id='word_1_416' title='bbox 944 2924 994 2954; x_wconf 74' lang='grc' dir='ltr'>ΕΙ</span> <span class='ocrx_word' id='word_1_417' title='bbox 1055 2918 1119 2953; x_wconf 82' lang='lat' dir='ltr'>sed</span> <span class='ocrx_word' id='word_1_418' title='bbox 1143 2922 1194 2953; x_wconf 67' lang='lat' dir='ltr'>Ra</span> <span class='ocrx_word' id='word_1_419' title='bbox 1214 2925 1289 2952; x_wconf 77' lang='lat' dir='ltr'>cett.</span> <span class='ocrx_word' id='word_1_420' title='bbox 1347 2926 1444 2962; x_wconf 72' lang='lat' dir='ltr'>uaere</span> <span class='ocrx_word' id='word_1_421' title='bbox 1468 2919 1511 2950; x_wconf 91' lang='lat' dir='ltr'><em>M</em></span> <span class='ocrx_word' id='word_1_422' title='bbox 1562 2923 1647 2948; x_wconf 84' lang='lat' dir='ltr'>uere</span> <span class='ocrx_word' id='word_1_423' title='bbox 1669 2910 1823 2955; x_wconf 64' lang='lat' dir='ltr'>Rd&#39;qm</span> 
     </span>
    </p>

    <p class='ocr_par' dir='ltr' id='par_1_21' title="bbox 236 2976 1192 3024">
     <span class='ocr_line' id='line_1_45' title="bbox 236 2976 1192 3024; baseline -0.004 -10"><span class='ocrx_word' id='word_1_424' title='bbox 236 2986 255 3006; x_wconf 74' lang='lat' dir='ltr'><em>v</em></span> <span class='ocrx_word' id='word_1_425' title='bbox 259 2984 340 3023; x_wconf 87' lang='lat' dir='ltr'>flor.</span> <span class='ocrx_word' id='word_1_426' title='bbox 362 2984 474 3014; x_wconf 77' lang='lat' dir='ltr'>Nostr.</span> <span class='ocrx_word' id='word_1_427' title='bbox 523 2979 724 3024; x_wconf 77' lang='lat' dir='ltr'>modosque</span> <span class='ocrx_word' id='word_1_428' title='bbox 748 2991 813 3013; x_wconf 84' lang='lat' dir='ltr'>om.</span> <span class='ocrx_word' id='word_1_429' title='bbox 828 2982 858 3012; x_wconf 82' lang='lat' dir='ltr'><em>R</em></span> <span class='ocrx_word' id='word_1_430' title='bbox 870 2991 927 3022; x_wconf 82' lang='lat' dir='ltr'>pr.</span> <span class='ocrx_word' id='word_1_431' title='bbox 979 2976 1134 3011; x_wconf 73' lang='lat' dir='ltr'>edissere</span> <span class='ocrx_word' id='word_1_432' title='bbox 1158 2978 1192 3010; x_wconf 92' lang='lat' dir='ltr'><em>D</em></span> 
     </span>
    </p>
   </div>
  </div>
 </body>
</html>
