1950 3236
211 160 294 203 180
688 155 889 193 HORATI
912 135 1278 192 EPISTULARVM

323 286 435 328 bella
466 285 563 339 quis
595 289 638 327 et
669 295 800 337 paces
831 283 1012 336 longum
1045 280 1250 325 diffundit
1280 283 1325 325 in
1356 282 1541 325 aeuom?

322 355 426 408 quid
457 353 612 404 Titius,
645 352 844 394 Romana
874 351 1002 394 breui
1031 354 1248 394 uenturus
1277 351 1322 394 in
1354 364 1443 403 ora,

209 433 242 459 1⁰
323 422 541 466 Pindarici
572 420 708 463 fontis
740 420 815 474 qui
846 432 934 462 non
966 420 1176 474 expalluit
1205 419 1407 472 haustus,

321 490 517 533 fastidire
546 489 668 531 lacus
699 492 743 531 et
772 488 894 531 riuos
924 501 1059 531 ausus
1089 489 1299 542 apertos?

321 563 370 601 ut
400 559 549 601 ualet?
581 562 630 600 ut
660 558 861 600 meminit
892 557 1065 600 nostri?
1096 555 1315 600 fidibusne
1346 557 1514 599 Latinis

321 627 553 670 Thebanos
586 629 739 680 aptare
770 625 926 668 modos
957 625 1107 669 studet
1136 626 1312 680 auspice
1342 626 1484 678 Musa,

319 709 373 738 an
407 696 575 749 tragica
606 694 806 737 desaeuit
837 698 880 737 et
911 695 1178 748 ampullatur
1207 696 1253 739 in
1284 695 1411 738 arte?

206 776 238 801 15
319 764 423 819 quid
452 763 561 806 mihi
593 762 749 806 Celsus
780 763 901 816 agit?
933 763 1126 806 monitus
1156 763 1432 817 multumque
1463 762 1723 816 monendus,

319 834 515 887 priuatas
548 837 598 874 ut
627 836 812 885 quaerat
841 843 948 885 opes
980 834 1024 874 et
1053 835 1235 886 tangere
1265 832 1378 874 uitet

320 903 494 955 scripta,
525 900 754 943 Palatinus
786 912 1087 954 quaecumque
1116 902 1282 955 recepit
1315 900 1486 954 Apollo,

318 983 387 1022 ne,
419 970 456 1012 si
485 969 600 1012 forte
632 981 737 1012 suas
767 969 1006 1023 repetitum
1037 969 1210 1012 uenerit
1241 969 1343 1012 olim

320 1051 423 1092 grex
455 1039 604 1081 auium
635 1037 824 1091 plumas,
855 1042 1034 1080 moueat
1065 1037 1286 1081 cornicula
1316 1037 1454 1080 risum

209 1118 244 1145 20
324 1107 501 1150 furtiuis
533 1106 699 1148 nudata
730 1105 965 1148 coloribus.
996 1128 1051 1134 ——
1081 1106 1178 1160 ipse
1208 1106 1314 1159 quid
1345 1106 1512 1149 audes?

321 1187 434 1230 quae
464 1173 792 1217 circumuolitas
823 1173 951 1227 agilis
983 1173 1162 1228 thyma?
1194 1187 1282 1217 non
1314 1175 1395 1217 tibi
1425 1186 1608 1229 paruom

317 1244 555 1298 ingenium,
586 1254 674 1284 non
705 1242 918 1284 incultum
951 1246 1019 1285 est
1049 1246 1093 1285 et
1123 1243 1314 1296 turpiter
1343 1242 1532 1286 hirtum:

319 1356 342 1392 8
366 1355 438 1391 Ou.
455 1366 488 1390 a.
505 1365 539 1390 a.
558 1353 622 1389 III
647 1353 734 1389 657:
758 1353 947 1399 longum
972 1353 1207 1390 redimendus
1230 1354 1276 1389 in
1302 1366 1466 1390 aeuum
1486 1355 1502 1402 ΙΙ
1521 1354 1570 1391 cf.
1594 1358 1680 1392 met.
1698 1354 1777 1392 XV

203 1402 269 1438 621
295 1406 331 1438 et
354 1413 399 1437 ex
423 1400 465 1436 P.
491 1399 575 1435 IIII
598 1399 632 1443 8,
657 1399 690 1435 ¹7.
723 1399 900 1435 Prudent.
921 1404 1051 1435 contra
1074 1399 1216 1446 Symm.
1240 1400 1283 1435 II
1310 1402 1386 1437 167.
1403 1401 1516 1448 Cypr.
1542 1401 1638 1437 Gall.
1655 1412 1776 1448 genes.

203 1447 282 1483 422.
322 1459 358 1483 u.
375 1447 398 1484 8
421 1458 475 1493 sq.
491 1447 538 1481 cf.
557 1445 863 1491 Verg.Aen.IIII
888 1445 971 1481 195:
995 1446 1152 1492 passim.
1166 1472 1175 1482 .
1190 1447 1336 1481 ,uirum
1362 1446 1606 1483 diffundit
1628 1447 1678 1482 in
1697 1458 1778 1484 ora

202 1495 227 1530 9
249 1495 294 1532 S:
318 1494 483 1539 Propert.
502 1491 565 1527 III
591 1493 622 1535 1,
646 1491 711 1526 24:
743 1501 876 1527 nomen
907 1492 953 1526 in
986 1502 1066 1527 ora
1089 1492 1219 1528 venit
1249 1492 1266 1539 Η
1298 1492 1360 1528 ΙΙΙ
1385 1493 1419 1536 9,
1443 1492 1506 1528 32:
1539 1493 1702 1529 uenies
1735 1497 1777 1530 tu

204 1551 349 1586 quoque
378 1539 417 1573 in
457 1548 541 1574 ora
579 1537 700 1573 virum
731 1538 744 1582 ΙΙ
777 1537 934 1583 praeiuit
964 1537 1108 1572 Ennius
1145 1537 1234 1584 (Cic.
1268 1538 1376 1574 Tusc.
1407 1538 1428 1574 I
1462 1540 1516 1585 15,
1547 1539 1624 1584 34):
1659 1538 1776 1576 uolito

205 1587 311 1621 uiuos
342 1596 407 1631 per
437 1595 518 1620 ora
553 1583 675 1618 uirum
698 1584 711 1628 ΙΙ
736 1583 877 1618 Auson.
902 1583 995 1619 Mos.
1020 1594 1057 1619 u.
1081 1585 1150 1619 476
1175 1583 1280 1621 Sch.:
1312 1584 1383 1620 ibis
1407 1585 1453 1619 in
1477 1595 1562 1621 ora
1582 1585 1776 1621 hominum

203 1632 370 1677 laetoque
400 1629 571 1666 fouebere
601 1634 714 1665 cantu
813 1629 859 1665 10
890 1630 933 1668 S:
962 1629 1108 1665 Lucret.
1132 1629 1218 1665 IIII
1241 1630 1262 1665 2
1287 1642 1304 1665 s
1332 1642 1360 1665 .:
1391 1630 1497 1666 iuuat
1525 1630 1688 1677 integros
1718 1641 1777 1668 ac-

202 1677 327 1713 cedere
357 1676 471 1712 fontis
504 1680 614 1722 atque
643 1675 793 1710 haurire
817 1676 830 1720 n
856 1674 964 1721 Prop.
988 1675 1030 1710 II
1059 1675 1112 1719 10,
1135 1675 1200 1711 25:
1233 1686 1307 1711 non
1336 1687 1399 1711 um
1428 1677 1606 1713 Ascraeos
1638 1681 1777 1713 norunt

203 1734 284 1758 mea
298 1722 462 1758 carmina
485 1722 641 1758 fontes
658 1721 672 1767 ΙΙ
690 1721 760 1758 Ou.
787 1732 832 1756 ex
858 1720 967 1756 Pont.
991 1721 1077 1756 IIII
1099 1721 1134 1764 2,
1157 1722 1221 1757 47:
1245 1726 1285 1757 at
1308 1726 1362 1765 tu,
1385 1722 1445 1757 cui
1468 1721 1610 1758 bibitur
1631 1722 1775 1759 felicius

202 1769 344 1805 Aonius
377 1768 459 1804 fons
547 1769 591 1803 ll
626 1769 671 1805 S:
703 1767 845 1802 Auson.
869 1766 963 1803 Mos.
995 1768 1081 1803 342:
1114 1767 1368 1804 fastidisse
1398 1768 1530 1804 lacus
1556 1768 1572 1816 ΙΙ
1599 1768 1777 1805 Manilius

201 1815 242 1850 II
268 1815 312 1850 10
335 1824 408 1860 sq.:
433 1824 651 1859 amnemque
682 1814 720 1848 in
752 1817 881 1855 tenues
906 1824 996 1848 ausa
1020 1818 1077 1849 est
1108 1813 1287 1849 deducere
1317 1814 1447 1850 riuos
1478 1816 1589 1850 unius
1621 1814 1777 1850 fecunda

202 1861 306 1896 bonis
376 1860 422 1896 13
445 1859 614 1904 ‘auspice'
638 1861 683 1896 T:
708 1858 946 1898 Philoxenus,
977 1859 1162 1905 prodrom.
1187 1860 1297 1906 gloss.
1323 1860 1403 1895 Lat.
1421 1872 1456 1906 p.
1476 1859 1541 1896 189
1557 1859 1599 1895 L.
1658 1861 1704 1896 14
1727 1862 1772 1898 T:

200 1904 486 1950 ‘tragica-art&
512 1905 621 1950 gloss.
647 1905 724 1939 Mai
748 1904 853 1940 class.
879 1908 974 1940 auct.
1003 1904 1102 1940 VIII
1126 1907 1171 1941 55
1233 1907 1474 1951 ampullatur]
1499 1905 1695 1950 ληκυθίζει,
1726 1904 1774 1940 cf.

200 1952 309 1987 etiam
326 1950 516 2002 Aristoph.
532 1961 610 1985 ran.
629 1951 719 1986 1208
735 1950 930 1986 et‘Callim.
949 1961 1008 1996 ap.
1028 1950 1339 1996 Hephaestionem
1363 1962 1397 2002 p.
1414 1950 1471 1986 20.
1531 1949 1670 1986 16-20
1685 1950 1772 1996 ‘pri-

201 1996 548 2032 uatas—colorlbus’
596 1998 639 2033 T:
668 1996 844 2031 Reinerus
869 1996 914 2031 de
942 1996 1087 2041 ineptiis
1111 1996 1303 2031 cuiusdam
1327 1996 1498 2031 idlotae2
1523 1996 1633 2041 [mon.
1649 1995 1773 2032 Germ,

200 2042 267 2078 SS.
292 2041 370 2077 XX
394 2053 428 2087 p.
455 2040 535 2086 603]
618 2043 662 2077 17
687 2043 731 2079 S:
757 2041 932 2086 Calpurn.
957 2042 1020 2076 ecl.
1046 2042 1080 2085 4,
1106 2041 1172 2076 158
1196 2053 1268 2087 sq.:
1300 2052 1386 2076 nam
1418 2041 1486 2076 tibi
1510 2041 1566 2076 fas
1591 2044 1646 2076 est
1669 2051 1774 2076 sacra

200 2087 415 2123 Palatini
447 2087 646 2132 penetralia
679 2088 793 2122 uisere
816 2087 991 2123 Phoebi
1092 2086 1230 2122 18-20
1252 2089 1293 2124 T:
1331 2087 1439 2122 floril.
1464 2087 1609 2122 Noetu:
1641 2086 1774 2133 quodsi

200 2132 537 2170 forte-coloribus?
598 2133 645 2168 cf.
669 2132 821 2168 Tertull.
854 2134 939 2168 adu.
971 2132 1250 2168 Valentinianos
1281 2143 1317 2178 p.
1342 2132 1410 2168 453
1442 2132 1496 2167 ed.
1522 2132 1564 2167 B.
1587 2132 1705 2168 Rhen.
1729 2132 1775 2169 de

201 2180 351 2225 graculo
370 2179 535 2224 Aesopeo
604 2178 649 2214 18
665 2189 717 2223 sq.
736 2180 781 2216 S:
806 2179 974 2213 Auianus
998 2178 1071 2213 fab.
1088 2180 1121 2220 5,
1137 2179 1177 2213 3:
1206 2189 1252 2213 ne
1274 2181 1437 2213 detracta
1459 2189 1610 2223 grauem
1634 2177 1774 2214 faciant

201 2225 407 2261 miracula
429 2224 574 2259 risum
660 2224 706 2259 19
726 2223 1060 2259 ‘moueat—risum'
1084 2226 1128 2261 T:
1155 2223 1258 2259 Seru.
1284 2224 1331 2258 ad
1354 2225 1447 2259 Aen.
1471 2224 1531 2259 XI
1555 2223 1622 2260 522

309 2339 672 2382 9=AEFMRy
693 2338 724 2372 δ’
745 2338 777 2379 (ὂ
795 2341 826 2379 z)
844 2337 926 2379 λ’(λ
944 2341 968 2379 l)
989 2351 1197 2383 vnoymv
1268 2339 1291 2374 8
1313 2338 1600 2384 pacisMopr.y
1646 2349 1772 2385 pacem

199 2445 221 2475 y
284 2398 439 2466 diffiildit
455 2433 489 2465 R
546 2429 734 2465 diffundat
749 2443 768 2464 ν
779 2440 818 2465 ⁶2
881 2441 1013 2465 aeuum
1029 2430 1064 2464 Ω
1176 2430 1200 2465 9
1217 2429 1324 2465 tieius
1342 2434 1373 2464 A
1387 2433 1427 2465 Μ
1433 2443 1452 2475 γ
1465 2442 1487 2464 σ
1497 2443 1518 2474 9
1587 2430 1722 2476 inslora
1740 2433 1774 2465 R

200 2489 246 2524 10
261 2488 459 2534 Pyndarici
471 2487 527 2522 FZ
575 2486 803 2532 ‘haustu<s>]
822 2499 908 2522 num
927 2487 1064 2523 haustu
1080 2487 1109 2523 ‘P
1127 2491 1215 2532 Pph.
1227 2491 1354 2532 Porph.
1424 2488 1470 2523 11
1483 2487 1587 2522 riuus
1603 2498 1713 2523 ausos
1735 2490 1779 2522 Π

199 2550 344 2591 opertos
368 2556 406 2581 σι
480 2546 526 2581 14
549 2544 714 2591 thragica
736 2549 773 2580 Ε
816 2544 930 2580 traica
953 2550 984 2579 A
1001 2559 1021 2580 ν
1032 2559 1089 2590 pr.
1109 2556 1148 2580 σι
1201 2545 1363 2581 desaeuit
1378 2549 1451 2580 ER
1460 2558 1586 2590 corrup
1632 2545 1772 2581 deseuit

200 2657 272 2683 cett.
321 2648 535 2684 ambulatur
557 2652 601 2683 M
641 2647 763 2692 alirtes
787 2662 806 2693 γ
876 2604 932 2684 lg
947 2609 1041 2694 gigtlty
1089 2615 1141 2683 agit
1158 2648 1178 2683 δ
1226 2647 1303 2694 agit
1326 2656 1399 2683 cett.
1417 2649 1504 2693 Pp'h.
1574 2648 1621 2684 16
1643 2649 1771 2694 querat

200 2752 384 2795 Εγληιυκ
439 2762 570 2797 angere
592 2755 641 2787 Ri
700 2719 793 2787 uita?
809 2765 837 2796 φ
941 2752 987 2787 19
1010 2752 1196 2788 cornicula
1221 2752 1255 2786 Ω
1261 2755 1343 2796 flor.
1362 2755 1478 2786 Nostr.
1495 2754 1662 2786 Reinerue
1679 2762 1769 2785 com.

200 2854 326 2895 Porph.
380 2853 577 2899 uulpecula
608 2858 751 2890 Seruius
843 2855 888 2890 21
920 2854 1038 2890 thima
1069 2858 1157 2890 EM
1162 2854 1254 2900 yd'v
1270 2867 1322 2898 σς
1379 2854 1470 2890 tima
1492 2868 1512 2889 v
1566 2820 1719 2899 parugm
1742 2865 1769 2886 π

200 2919 357 2953 paruum
381 2918 452 2945 cett.
553 2911 599 2947 22
624 2918 671 2946 no
692 2912 712 2945 λ
767 2915 803 2947 et
826 2916 856 2946 A
878 2915 1009 2946 EMR
1024 2925 1043 2957 γ
1060 2911 1091 2946 δ’
1108 2925 1128 2946 ν
1142 2922 1186 2947 πι
1207 2924 1263 2955 ⁶9
1279 2925 1313 2945 m
1328 2925 1347 2945 v
1410 2921 1476 2945 nec
1498 2910 1575 2944 Εἴ
1589 2919 1635 2944 πε
1655 2922 1675 2944 v
1690 2922 1768 2944 aar.

200 2964 350 3009 hyrtum
374 2970 464 3001 FR1
481 2967 511 3000 λ’
561 2967 716 3013 hyrcum
740 2982 759 3012 γ
