1950 3236
859 133 956 169 ΠΒ.
981 133 1014 168 1.
1038 133 1071 168 4.
1705 136 1757 176 41

287 263 490 318 pastillos
521 262 710 306 Rufillus
742 263 845 314 olet,
879 263 1130 318 Gargonius
1160 264 1345 316 hircum,

287 332 451 375 liuidus
482 335 527 374 et
556 332 737 374 mordax
769 333 923 375 uideor
954 333 1067 376 tibi?
1099 334 1264 376 mentio
1295 334 1447 387 siquae

290 402 345 444 de
377 400 616 456 Capitolini
646 400 779 444 furtis
810 402 969 445 iniecta
1000 402 1148 446 Petilli

288 476 333 514 te
364 483 509 514 coram
540 468 686 522 fuerit,
718 469 943 523 defendas,
974 475 1024 514 ut
1054 475 1159 514 tuus
1191 477 1259 515 est
1289 485 1409 514 mos:
1724 482 1760 507 95

288 539 375 583 eme
407 538 682 594 Capitolinus
714 541 967 583 conuictore
998 553 1107 583 usus
1138 542 1367 596 amicoque

288 622 314 652 a
343 621 482 663 puero
513 612 595 661 est,
627 620 847 662 causaque
878 621 977 652 mea
1006 610 1228 663 permulta
1258 615 1442 664 rogatus

286 677 403 730 fecit,
435 681 480 720 et
508 677 743 720 incolumis
773 678 913 720 laetor
944 678 1061 732 quod
1093 678 1207 721 uiuit
1236 679 1280 721 in
1313 680 1447 721 urbe:

288 747 368 790 sed
398 751 546 790 tamen
578 746 786 799 admiror,
819 759 906 801 quo
938 752 1068 802 pacto
1099 748 1311 791 iudicium
1343 748 1453 790 illud

285 814 478 871 fugerit?
509 816 580 859 hic
610 816 762 870 nigrae
794 829 926 859 sucus
956 816 1181 870 lolliginis,
1212 817 1320 860 haec
1351 822 1418 860 est
1709 828 1759 854 1⁰0

286 898 450 940 aerugo
481 898 616 928 mera.
647 886 764 939 quod
796 886 951 928 uitium
985 885 1140 940 procul
1170 885 1291 928 afore
1322 886 1485 929 chartis

285 959 418 1009 atque
449 955 598 997 animo
628 955 766 1009 prius,
799 958 848 997 ut
879 955 1027 1009 siquid
1057 955 1318 1008 promittere
1350 955 1404 997 de
1435 968 1505 998 me

285 1036 466 1079 possum
499 1024 619 1067 aliud
651 1036 770 1076 uere,
800 1025 1026 1078 promitto.
1058 1024 1243 1066 liberius
1275 1025 1314 1067 si

286 1094 436 1136 dixero
468 1094 588 1148 quid,
621 1093 659 1136 si
689 1092 805 1136 forte
835 1094 1043 1146 iocosius,
1075 1092 1159 1136 hoc
1189 1093 1298 1136 mihi
1326 1095 1436 1137 iuris

286 1176 385 1206 cum
417 1161 549 1206 uenia
580 1163 720 1206 dabis.
751 1163 949 1205 insueuit
977 1167 1105 1217 pater
1137 1169 1347 1217 optumus
1377 1163 1460 1206 hoc
1490 1176 1574 1216 me,
1709 1174 1758 1200 ¹0⁵

285 1237 335 1275 ut
363 1231 562 1286 fugerem
596 1232 808 1286 exemplis
840 1232 1051 1274 uitiorum
1083 1244 1283 1286 quaeque
1314 1233 1524 1275 notando.

284 1314 382 1345 cum
415 1313 484 1344 me
514 1301 783 1354 hortaretur,
814 1314 960 1356 parce,
991 1301 1226 1355 frugaliter
1257 1306 1389 1356 atque

279 1449 327 1486 92
358 1453 403 1488 T:
437 1450 548 1496 gloss.
584 1450 663 1485 Mai
698 1449 804 1486 class.
842 1453 938 1484 auct.
975 1449 1080 1484 VIII
1115 1447 1203 1483 421:
1250 1448 1417 1494 pastillos
1453 1448 1618 1483 Rufillus
1656 1442 1759 1484 1161&

167 1497 214 1532 94
236 1496 432 1532 Pseudacr.
446 1496 493 1531 ad
517 1508 546 1532 s.
560 1496 580 1531 I
600 1496 653 1539 10,
672 1495 736 1532 26:
760 1496 861 1531 hunc
886 1495 1062 1531 Petilium
1087 1494 1183 1530 dixit
1206 1494 1374 1540 superius
1398 1505 1571 1530 coronam
1595 1495 1762 1540 rapuisse

167 1541 214 1578 de
240 1541 424 1588 Capitolio
441 1543 455 1588 ΙΙ
475 1542 591 1577 Lucil.
616 1542 659 1576 11
684 1553 718 1588 p.
739 1540 927 1583 329,1024
952 1541 1062 1575 Marx
1131 1541 1178 1577 95
1203 1541 1250 1576 cf.
1284 1540 1368 1576 adn.
1394 1552 1422 1576 s.
1448 1541 1468 1575 I
1491 1539 1526 1583 9,
1550 1541 1570 1575 1
1641 1541 1689 1576 96
1710 1542 1757 1579 S:

169 1589 310 1623 Auson.
342 1592 483 1634 parent.
509 1589 565 1630 15,
590 1588 635 1622 14
658 1599 694 1632 p.
721 1587 765 1623 63
791 1587 852 1622 P.:
883 1587 1067 1623 sodalis
1100 1591 1146 1622 et
1169 1587 1423 1623 conuictor
1450 1586 1466 1633 Η
1493 1586 1628 1622 Iulian.
1653 1586 1758 1623 Caes.

169 1645 204 1679 p.
229 1632 298 1670 326
322 1634 372 1668 B:
398 1634 500 1678 φίλον
524 1633 585 1668 καὶ
610 1633 815 1679 συμβιωτήν
931 1634 978 1669 98
1001 1635 1046 1671 S:
1071 1632 1132 1668 Ps.
1157 1633 1233 1669 Cic.
1258 1633 1392 1669 inuect.
1416 1633 1456 1667 in
1481 1632 1570 1669 Sall.
1595 1633 1617 1668 2
1641 1644 1677 1679 p.
1702 1632 1758 1676 12,

172 1680 215 1715 10
238 1689 291 1725 sq.
316 1679 492 1715 Kurfess:
516 1691 590 1716 non
615 1690 742 1715 omnes
766 1680 822 1714 tui
847 1679 984 1714 similes
1009 1679 1271 1715 incolumes
1296 1679 1342 1714 in
1375 1678 1490 1714 urbe
1515 1679 1759 1714 uixissent

167 1725 216 1761 99
237 1727 285 1761 cf.
309 1725 395 1761 adn.
420 1737 450 1763 s.
474 1725 493 1760 1
520 1727 552 1768 1,
575 1725 620 1761 27
714 1725 785 1761 102
808 1737 862 1772 sq.
884 1727 930 1763 S:
956 1724 1092 1761 Catull.
1121 1724 1200 1768 109,
1234 1725 1274 1760 3:
1299 1725 1409 1760 facite
1438 1728 1482 1760 ut
1511 1735 1621 1761 uere
1650 1735 1758 1771 pro-

112 1782 115 1785 ·
169 1771 360 1807 mittere
406 1771 564 1818 possit
602 1771 618 1819 ΙΙ
662 1782 791 1818 paneg.
823 1772 861 1807 in
893 1772 967 1807 Pis.
998 1770 1068 1808 250
1100 1771 1160 1806 B.:
1194 1770 1225 1806 si
1258 1775 1382 1806 tamen
1414 1770 1484 1807 hoc
1517 1771 1586 1806 ulli
1621 1770 1674 1806 de
1709 1782 1758 1806 se

169 1818 454 1864 promittere
494 1818 552 1853 fas
588 1822 643 1854 est
736 1819 804 1854 107
829 1829 882 1864 sq.
907 1820 953 1855 T:
978 1817 1094 1853 Prisc.
1118 1817 1219 1853 XVI
1243 1819 1276 1860 2,
1301 1817 1346 1853 16

282 1956 318 1991 Ω
331 1973 376 1986 =
392 1960 427 1992 D
444 1960 625 1991 ΕΕΜΕ
641 1956 699 2002 72!
711 1957 778 1999 (M)
791 1970 811 1991 ν
824 1969 845 1991 σ
858 1961 938 2001 (α)9
950 1970 983 1991 m
995 1971 1020 1991 u
1035 1962 1109 1999 (aaz
1184 1957 1232 1992 92
1255 1955 1345 1992 Post
1368 1956 1452 1991 illos
1476 1960 1512 1990 Ε
1556 1956 1756 2002 gurgonius

167 2018 201 2050 D
215 2018 252 2049 E
264 2018 351 2049 MR
369 2029 388 2060 γ
404 2028 424 2050 ν
439 2028 461 2049 a
479 2028 500 2059 9
516 2029 534 2048 z
582 2014 780 2060 gorgonius
804 2013 948 2049 Fl'ou'
1004 2014 1209 2061 gurgonius
1241 2024 1293 2049 mi
1355 2013 1503 2049 hircum
1535 2017 1569 2048 D
1583 2017 1712 2048 FMR
1725 2012 1755 2047 λ’

166 2086 272 2116 vyuz
319 2077 411 2117 yrcu
443 2076 478 2107 Ε
529 2071 687 2117 hyrcum
719 2085 741 2107 σ
756 2086 779 2107 α
792 2085 826 2107 m
942 2072 990 2109 93
1013 2071 1185 2107 Luuidus
1214 2075 1248 2107 D
1262 2085 1321 2116 pr.
1359 2072 1458 2107 Yncio
1483 2071 1522 2107 λι
1573 2070 1716 2107 mencio
1735 2084 1756 2116 9

166 2130 294 2177 siquae
316 2134 591 2175 DEyamPph.
641 2130 711 2176 siqg
736 2143 756 2174 9
815 2129 921 2176 siqua
945 2129 1210 2165 FMRZ'vouz
1303 2129 1351 2166 94
1375 2128 1567 2174 capitolini
1591 2132 1625 2164 D
1636 2142 1755 2174 pmas.

166 2192 289 2233 MRp.
300 2188 425 2233 ramyk
437 2202 522 2223 corr.
533 2200 594 2233 σψ
604 2202 690 2223 corr.
702 2202 724 2223 α
731 2203 752 2233 9
761 2202 826 2223 mu
835 2202 852 2222 z
862 2191 988 2233 Porph.
1000 2191 1184 2223 Pseudacr.
1221 2186 1430 2234 capitolinis
1440 2191 1515 2222 Da.
1524 2200 1593 2221 ras.
1603 2190 1680 2222 EF
1683 2190 1715 2221 R
1722 2200 1755 2221 a.

167 2246 333 2282 ramlvr
379 2246 572 2292 capitulini
595 2248 682 2291 Pph.
746 2255 799 2292 p&
816 2246 882 2280 illa
905 2250 941 2280 E
1030 2246 1078 2282 95
1101 2244 1275 2281 defendes
1298 2258 1321 2289 9
1344 2248 1469 2289 Porpk.
1518 2243 1693 2280 defendat
1715 2254 1751 2278 21

166 2304 335 2340 defensos
360 2318 381 2340 σ
427 2305 539 2343 morks
564 2318 585 2349 9
632 2315 699 2340 nos
717 2304 756 2340 21
852 2304 899 2340 96
914 2304 987 2349 me]
1005 2303 1090 2339 Meo
1107 2307 1143 2338 E
1186 2303 1414 2338 cumuictore
1429 2317 1446 2336 z
1459 2316 1492 2337 α.
1503 2316 1588 2337 corr.
1637 2301 1756 2337 amico

167 2373 218 2398 mi
336 2364 382 2400 97
407 2374 430 2398 a
452 2364 581 2410 puero]
631 2361 691 2397 ΝΡ
714 2373 799 2398 vero
822 2366 859 2397 E
975 2362 1022 2398 98
1053 2361 1250 2398 incolumis
1272 2360 1652 2404 FMRXauzPorph.
1700 2359 1756 2393 in-

167 2420 318 2456 colomis
342 2424 688 2466 Eyvo9mschol.F
729 2419 912 2456 incolimis
935 2424 971 2455 D
1016 2420 1110 2455 letor
1132 2433 1185 2463 qu
1278 2419 1324 2455 99
1348 2418 1525 2454 ammiror
1541 2421 1645 2461 E9m
1691 2415 1755 2451 ad·

167 2478 280 2514 miror
303 2487 377 2513 cett.
433 2478 607 2514 iuditium
630 2482 776 2523 ΕΜγψ
916 2477 987 2514 100
1017 2477 1049 2512 F
1051 2483 1179 2522 ugeret
1203 2491 1237 2511 ‘m
1251 2490 1338 2511 corr.
1397 2475 1460 2511 hie
1484 2489 1547 2510 om.
1562 2478 1598 2509 E
1651 2473 1756 2519 nigre
1786 2489 1788 2492 ’

167 2585 259 2616 ERl
271 2593 307 2617 21
359 2582 479 2628 nigret
501 2596 522 2626 9
569 2592 700 2617 succus
724 2596 749 2615 u
795 2581 860 2616 hec
883 2581 930 2626 λ9
1059 2580 1126 2615 101
1151 2581 1300 2625 Aerugo
1322 2583 1365 2614 M
1408 2546 1510 2626 meora
1531 2581 1575 2612 M
1616 2577 1753 2613 uicium

167 2691 202 2722 D
212 2687 232 2721 λ
241 2699 263 2721 σ
270 2699 291 2731 9
299 2700 332 2720 m
380 2685 482 2721 afore
496 2689 530 2720 D
540 2689 575 2720 Ε
584 2684 696 2719 ΕΜλ’
705 2698 724 2719 ν
733 2698 756 2718 α
764 2697 784 2728 9
794 2699 810 2718 z
828 2687 930 2719 schol.
940 2687 976 2718 F
1019 2683 1123 2719 afore
1146 2688 1179 2718 R
1225 2640 1328 2718 dosora
1350 2696 1370 2727 γ
1417 2681 1544 2717 abfore
1558 2695 1592 2715 m
1638 2680 1755 2717 affore

167 2757 221 2779 σα
231 2747 262 2786 ()
310 2744 420 2779 cartis
444 2756 466 2777 σ
476 2756 497 2787 9
508 2756 542 2777 m
588 2741 705 2777 kartis
728 2755 748 2776 ν
817 2741 888 2776 102
911 2741 1053 2783 anim03
1080 2742 1181 2786 prius
1198 2744 1232 2775 D
1278 2739 1399 2785 siquid
1421 2753 1454 2774 m
1524 2739 1594 2775 103
1610 2737 1755 2773 Possim

166 2817 183 2836 z
193 2815 280 2837 corr.
305 2800 407 2836 aliud
422 2804 457 2836 D
466 2805 501 2835 E·
507 2804 547 2835 Μ
552 2813 571 2845 γ
580 2813 599 2834 ν
608 2812 629 2834 σ
640 2813 662 2834 α
670 2813 735 2834 mu
758 2798 899 2844 aliquid
914 2801 985 2832 ΕΒ
994 2797 1024 2831 λ’
1033 2811 1055 2842 9
1067 2812 1084 2831 2
1093 2801 1195 2833 schol.
1204 2801 1240 2831 F
1258 2797 1405 2832 liberius
1420 2801 1453 2832 R
1521 2796 1593 2833 104
1604 2795 1718 2832 michi
1729 2810 1754 2830 u

166 2860 237 2896 105
259 2859 296 2906 ()
320 2862 498 2905 optumus
522 2872 540 2892 z
586 2858 727 2903 optime
750 2860 785 2891 E
829 2855 992 2901 optimus
1018 2863 1090 2890 cett.
1185 2855 1256 2891 106
1279 2854 1461 2890 uiciorum
1479 2854 1539 2889 DI·
1549 2866 1571 2889 σ
1576 2868 1598 2899 9
1644 2865 1752 2900 quae-

166 2964 252 3009 que]
277 2967 384 3010 queq.
409 2965 443 2996 D
489 2919 729 3007 geqlqffiqodq’y
777 2970 883 3006 quoq,
910 2963 942 2994 E
988 2970 1132 3005 queque
1154 2962 1197 2994 Μ
1199 2962 1297 2994 Rim
1436 2958 1504 2995 107
1528 2962 1701 2994 ortarezur
1717 2962 1753 2993 Ε
