<?xml version="1.0" encoding="UTF-8"?>
<!DOCTYPE html PUBLIC "-//W3C//DTD XHTML 1.0 Transitional//EN"
    "http://www.w3.org/TR/xhtml1/DTD/xhtml1-transitional.dtd">
<html xmlns="http://www.w3.org/1999/xhtml" xml:lang="en" lang="en">
 <head>
  <title>
</title>
<meta http-equiv="Content-Type" content="text/html;charset=utf-8" />
  <meta name='ocr-system' content='tesseract 3.04.00' />
  <meta name='ocr-capabilities' content='ocr_page ocr_carea ocr_par ocr_line ocrx_word'/>
</head>
<body>
  <div class='ocr_page' id='page_1' title='image "./operahora02horauoft_0231.png"; bbox 0 0 1950 3236; ppageno 0'>
   <div class='ocr_carea' id='block_1_1' title="bbox 831 133 1741 178">
    <p class='ocr_par' dir='ltr' id='par_1_1' title="bbox 831 133 1741 178">
     <span class='ocr_line' id='line_1_1' title="bbox 831 133 1741 178; baseline 0.01 -9"><span class='ocrx_word' id='word_1_1' title='bbox 831 133 930 169; x_wconf 88' lang='lat' dir='ltr'><strong>LIB.</strong></span> <span class='ocrx_word' id='word_1_2' title='bbox 955 133 987 171; x_wconf 86' lang='grc' dir='ltr'><strong>Ι.</strong></span> <span class='ocrx_word' id='word_1_3' title='bbox 1013 133 1069 170; x_wconf 90' lang='grc'><strong>16.</strong></span> <span class='ocrx_word' id='word_1_4' title='bbox 1656 136 1741 178; x_wconf 79' lang='grc'>223</span> 
     </span>
    </p>
   </div>
   <div class='ocr_carea' id='block_1_2' title="bbox 267 262 1742 1286">
    <p class='ocr_par' dir='ltr' id='par_1_2' title="bbox 273 262 1742 593">
     <span class='ocr_line' id='line_1_2' title="bbox 275 262 1742 318; baseline -0.002 -11"><span class='ocrx_word' id='word_1_5' title='bbox 275 277 389 307; x_wconf 92' lang='lat' dir='ltr'><strong>neue</strong></span> <span class='ocrx_word' id='word_1_6' title='bbox 419 267 549 318; x_wconf 89' lang='lat' dir='ltr'><strong>putes</strong></span> <span class='ocrx_word' id='word_1_7' title='bbox 580 263 714 305; x_wconf 92' lang='lat' dir='ltr'><strong>alium</strong></span> <span class='ocrx_word' id='word_1_8' title='bbox 748 262 948 317; x_wconf 81' lang='lat' dir='ltr'>sapiente</span> <span class='ocrx_word' id='word_1_9' title='bbox 978 263 1183 317; x_wconf 92' lang='lat' dir='ltr'><strong>bonoque</strong></span> <span class='ocrx_word' id='word_1_10' title='bbox 1214 263 1407 315; x_wconf 90' lang='lat' dir='ltr'><strong>beatum,</strong></span> <span class='ocrx_word' id='word_1_11' title='bbox 1708 272 1742 297; x_wconf 77' lang='lat'><strong>2⁰</strong></span> 
     </span>
     <span class='ocr_line' id='line_1_3' title="bbox 274 332 1420 386; baseline -0.002 -10"><span class='ocrx_word' id='word_1_12' title='bbox 274 346 372 385; x_wconf 89' lang='lat' dir='ltr'><strong>neu,</strong></span> <span class='ocrx_word' id='word_1_13' title='bbox 404 333 442 376; x_wconf 92' lang='lat' dir='ltr'><strong>si</strong></span> <span class='ocrx_word' id='word_1_14' title='bbox 471 336 515 376; x_wconf 91' lang='lat' dir='ltr'><strong>te</strong></span> <span class='ocrx_word' id='word_1_15' title='bbox 545 332 739 386; x_wconf 90' lang='lat' dir='ltr'><strong>populus</strong></span> <span class='ocrx_word' id='word_1_16' title='bbox 771 345 926 375; x_wconf 90' lang='lat' dir='ltr'><strong>sanum</strong></span> <span class='ocrx_word' id='word_1_17' title='bbox 958 335 1168 386; x_wconf 88' lang='lat' dir='ltr'><strong>recteque</strong></span> <span class='ocrx_word' id='word_1_18' title='bbox 1199 332 1420 374; x_wconf 91' lang='lat' dir='ltr'><strong>ualentem</strong></span> 
     </span>
     <span class='ocr_line' id='line_1_4' title="bbox 273 400 1427 455; baseline -0.001 -10"><span class='ocrx_word' id='word_1_19' title='bbox 273 403 458 454; x_wconf 83' lang='lat' dir='ltr'><strong>dictitet,</strong></span> <span class='ocrx_word' id='word_1_20' title='bbox 490 401 706 444; x_wconf 83' lang='lat' dir='ltr'><strong>occultam</strong></span> <span class='ocrx_word' id='word_1_21' title='bbox 737 400 907 444; x_wconf 84' lang='lat' dir='ltr'><strong>febrem</strong></span> <span class='ocrx_word' id='word_1_22' title='bbox 939 401 1022 444; x_wconf 92' lang='lat' dir='ltr'><strong>sub</strong></span> <span class='ocrx_word' id='word_1_23' title='bbox 1056 404 1235 455; x_wconf 91' lang='lat' dir='ltr'><strong>tempus</strong></span> <span class='ocrx_word' id='word_1_24' title='bbox 1267 401 1427 444; x_wconf 90' lang='lat' dir='ltr'><strong>edendi</strong></span> 
     </span>
     <span class='ocr_line' id='line_1_5' title="bbox 273 470 1534 522; baseline -0.002 -7"><span class='ocrx_word' id='word_1_25' title='bbox 273 471 540 522; x_wconf 85' lang='lat' dir='ltr'><strong>dissimules,</strong></span> <span class='ocrx_word' id='word_1_26' title='bbox 572 470 711 513; x_wconf 92' lang='lat' dir='ltr'><strong>donec</strong></span> <span class='ocrx_word' id='word_1_27' title='bbox 742 471 950 513; x_wconf 90' lang='lat' dir='ltr'><strong>manibus</strong></span> <span class='ocrx_word' id='word_1_28' title='bbox 982 475 1148 513; x_wconf 82' lang='lat' dir='ltr'><strong>tremor</strong></span> <span class='ocrx_word' id='word_1_29' title='bbox 1179 470 1345 513; x_wconf 90' lang='lat' dir='ltr'><strong>incidat</strong></span> <span class='ocrx_word' id='word_1_30' title='bbox 1376 471 1534 513; x_wconf 78' lang='lat' dir='ltr'><strong>unctis,</strong></span> 
     </span>
     <span class='ocr_line' id='line_1_6' title="bbox 274 539 1429 593; baseline -0.001 -10"><span class='ocrx_word' id='word_1_31' title='bbox 274 541 510 583; x_wconf 88' lang='lat' dir='ltr'><strong>stultorum</strong></span> <span class='ocrx_word' id='word_1_32' title='bbox 541 539 743 582; x_wconf 88' lang='lat' dir='ltr'><strong>incurata</strong></span> <span class='ocrx_word' id='word_1_33' title='bbox 772 540 917 593; x_wconf 89' lang='lat' dir='ltr'><strong>pudor</strong></span> <span class='ocrx_word' id='word_1_34' title='bbox 948 539 1091 582; x_wconf 91' lang='lat' dir='ltr'><strong>malus</strong></span> <span class='ocrx_word' id='word_1_35' title='bbox 1123 539 1272 582; x_wconf 90' lang='lat' dir='ltr'><strong>ulcera</strong></span> <span class='ocrx_word' id='word_1_36' title='bbox 1303 539 1429 582; x_wconf 89' lang='lat' dir='ltr'><strong>celat.</strong></span> 
     </span>
    </p>

    <p class='ocr_par' dir='ltr' id='par_1_3' title="bbox 267 608 1738 1286">
     <span class='ocr_line' id='line_1_7' title="bbox 330 608 1738 665; baseline -0.001 -13"><span class='ocrx_word' id='word_1_37' title='bbox 330 610 470 665; x_wconf 89' lang='lat' dir='ltr'><strong>siquis</strong></span> <span class='ocrx_word' id='word_1_38' title='bbox 501 608 616 652; x_wconf 89' lang='lat' dir='ltr'><strong>bella</strong></span> <span class='ocrx_word' id='word_1_39' title='bbox 646 609 728 651; x_wconf 90' lang='lat' dir='ltr'><strong>tibi</strong></span> <span class='ocrx_word' id='word_1_40' title='bbox 758 611 878 651; x_wconf 90' lang='lat' dir='ltr'><strong>terra</strong></span> <span class='ocrx_word' id='word_1_41' title='bbox 907 613 1105 663; x_wconf 87' lang='lat' dir='ltr'><strong>pugnata</strong></span> <span class='ocrx_word' id='word_1_42' title='bbox 1136 609 1334 663; x_wconf 91' lang='lat' dir='ltr'><strong>marique</strong></span> <span class='ocrx_word' id='word_1_43' title='bbox 1705 619 1738 645; x_wconf 76' lang='lat'><strong>2⁵</strong></span> 
     </span>
     <span class='ocr_line' id='line_1_8' title="bbox 273 678 1420 732; baseline -0.002 -10"><span class='ocrx_word' id='word_1_44' title='bbox 273 679 389 722; x_wconf 89' lang='lat' dir='ltr'><strong>dicat</strong></span> <span class='ocrx_word' id='word_1_45' title='bbox 418 683 463 722; x_wconf 91' lang='lat' dir='ltr'><strong>et</strong></span> <span class='ocrx_word' id='word_1_46' title='bbox 491 678 559 720; x_wconf 90' lang='lat' dir='ltr'><strong>his</strong></span> <span class='ocrx_word' id='word_1_47' title='bbox 590 678 740 720; x_wconf 90' lang='lat' dir='ltr'><strong>uerbis</strong></span> <span class='ocrx_word' id='word_1_48' title='bbox 772 690 938 721; x_wconf 91' lang='lat' dir='ltr'><strong>uacuas</strong></span> <span class='ocrx_word' id='word_1_49' title='bbox 969 678 1243 732; x_wconf 90' lang='lat' dir='ltr'><strong>permulceat</strong></span> <span class='ocrx_word' id='word_1_50' title='bbox 1273 679 1420 721; x_wconf 85' lang='lat' dir='ltr'><strong>auris:</strong></span> 
     </span>
     <span class='ocr_line' id='line_1_9' title="bbox 273 747 1559 802; baseline -0.001 -12"><span class='ocrx_word' id='word_1_51' title='bbox 273 748 391 791; x_wconf 86' lang='lat' dir='ltr'><strong>etene</strong></span> <span class='ocrx_word' id='word_1_52' title='bbox 420 748 561 802; x_wconf 85' lang='lat' dir='ltr'><strong>magis</strong></span> <span class='ocrx_word' id='word_1_53' title='bbox 593 747 760 790; x_wconf 89' lang='lat' dir='ltr'><strong>saluom</strong></span> <span class='ocrx_word' id='word_1_54' title='bbox 791 747 986 801; x_wconf 92' lang='lat' dir='ltr'><strong>populus</strong></span> <span class='ocrx_word' id='word_1_55' title='bbox 1018 747 1129 790; x_wconf 88' lang='lat' dir='ltr'><strong>uelit</strong></span> <span class='ocrx_word' id='word_1_56' title='bbox 1160 760 1215 790; x_wconf 90' lang='lat' dir='ltr'><strong>an</strong></span> <span class='ocrx_word' id='word_1_57' title='bbox 1249 747 1465 801; x_wconf 90' lang='lat' dir='ltr'><strong>populum</strong></span> <span class='ocrx_word' id='word_1_58' title='bbox 1498 750 1559 799; x_wconf 89' lang='lat' dir='ltr'><strong>tu,</strong></span> 
     </span>
     <span class='ocr_line' id='line_1_10' title="bbox 271 816 1489 870; baseline -0.002 -10"><span class='ocrx_word' id='word_1_59' title='bbox 271 820 421 860; x_wconf 89' lang='lat' dir='ltr'><strong>seruet</strong></span> <span class='ocrx_word' id='word_1_60' title='bbox 450 817 496 859; x_wconf 92' lang='lat' dir='ltr'><strong>in</strong></span> <span class='ocrx_word' id='word_1_61' title='bbox 527 816 749 869; x_wconf 79' lang='lat' dir='ltr'><strong>ambigue,</strong></span> <span class='ocrx_word' id='word_1_62' title='bbox 782 817 856 870; x_wconf 91' lang='lat' dir='ltr'><strong>qui</strong></span> <span class='ocrx_word' id='word_1_63' title='bbox 888 817 1080 859; x_wconf 90' lang='lat' dir='ltr'><strong>consulit</strong></span> <span class='ocrx_word' id='word_1_64' title='bbox 1111 820 1156 859; x_wconf 91' lang='lat' dir='ltr'><strong>et</strong></span> <span class='ocrx_word' id='word_1_65' title='bbox 1187 816 1269 859; x_wconf 90' lang='lat' dir='ltr'><strong>tibi</strong></span> <span class='ocrx_word' id='word_1_66' title='bbox 1300 820 1345 859; x_wconf 92' lang='lat' dir='ltr'><strong>et</strong></span> <span class='ocrx_word' id='word_1_67' title='bbox 1379 816 1489 869; x_wconf 91' lang='lat' dir='ltr'><strong>urbi,</strong></span> 
     </span>
     <span class='ocr_line' id='line_1_11' title="bbox 269 885 1413 941; baseline -0.002 -12"><span class='ocrx_word' id='word_1_68' title='bbox 269 886 497 941; x_wconf 78' lang='lat' dir='ltr'><strong>Iuppiter³,</strong></span> <span class='ocrx_word' id='word_1_69' title='bbox 527 886 721 940; x_wconf 85' lang='lat' dir='ltr'><strong>Augusti</strong></span> <span class='ocrx_word' id='word_1_70' title='bbox 750 885 906 928; x_wconf 89' lang='lat' dir='ltr'><strong>laudes</strong></span> <span class='ocrx_word' id='word_1_71' title='bbox 938 887 1213 939; x_wconf 84' lang='lat' dir='ltr'>adgnoscere</span> <span class='ocrx_word' id='word_1_72' title='bbox 1245 886 1413 940; x_wconf 88' lang='lat' dir='ltr'><strong>possis:</strong></span> 
     </span>
     <span class='ocr_line' id='line_1_12' title="bbox 269 955 1737 1010; baseline -0.001 -12"><span class='ocrx_word' id='word_1_73' title='bbox 269 968 367 998; x_wconf 90' lang='lat' dir='ltr'><strong>cum</strong></span> <span class='ocrx_word' id='word_1_74' title='bbox 398 956 564 1010; x_wconf 89' lang='lat' dir='ltr'><strong>pateris</strong></span> <span class='ocrx_word' id='word_1_75' title='bbox 595 955 773 1010; x_wconf 91' lang='lat' dir='ltr'><strong>sapiens</strong></span> <span class='ocrx_word' id='word_1_76' title='bbox 804 955 1154 1009; x_wconf 86' lang='lat' dir='ltr'><strong>emendatusque</strong></span> <span class='ocrx_word' id='word_1_77' title='bbox 1186 955 1350 1006; x_wconf 88' lang='lat' dir='ltr'><strong>uocari,</strong></span> <span class='ocrx_word' id='word_1_78' title='bbox 1703 967 1737 992; x_wconf 76' lang='lat'><strong>³⁰</strong></span> 
     </span>
     <span class='ocr_line' id='line_1_13' title="bbox 267 1023 1447 1079; baseline -0.001 -12"><span class='ocrx_word' id='word_1_79' title='bbox 267 1025 569 1079; x_wconf 85' lang='lat' dir='ltr'><strong>respondesne</strong></span> <span class='ocrx_word' id='word_1_80' title='bbox 598 1028 691 1077; x_wconf 93' lang='lat' dir='ltr'><strong>tuo,</strong></span> <span class='ocrx_word' id='word_1_81' title='bbox 724 1025 792 1067; x_wconf 90' lang='lat' dir='ltr'><strong>dic</strong></span> <span class='ocrx_word' id='word_1_82' title='bbox 823 1025 967 1076; x_wconf 89' lang='lat' dir='ltr'><strong>sodes,</strong></span> <span class='ocrx_word' id='word_1_83' title='bbox 997 1025 1211 1067; x_wconf 82' lang='lat' dir='ltr'><strong>nomine?</strong></span> <span class='ocrx_word' id='word_1_84' title='bbox 1271 1023 1447 1078; x_wconf 85' lang='lat' dir='ltr'><strong>enempe</strong></span> 
     </span>
     <span class='ocr_line' id='line_1_14' title="bbox 268 1093 1462 1148; baseline 0 -12"><span class='ocrx_word' id='word_1_85' title='bbox 268 1095 336 1136; x_wconf 89' lang='lat' dir='ltr'><strong>uir</strong></span> <span class='ocrx_word' id='word_1_86' title='bbox 368 1094 510 1137; x_wconf 90' lang='lat' dir='ltr'><strong>bonus</strong></span> <span class='ocrx_word' id='word_1_87' title='bbox 540 1097 584 1136; x_wconf 91' lang='lat' dir='ltr'><strong>et</strong></span> <span class='ocrx_word' id='word_1_88' title='bbox 615 1094 811 1148; x_wconf 90' lang='lat' dir='ltr'><strong>prudens</strong></span> <span class='ocrx_word' id='word_1_89' title='bbox 844 1094 930 1136; x_wconf 89' lang='lat' dir='ltr'><strong>dici</strong></span> <span class='ocrx_word' id='word_1_90' title='bbox 962 1093 1158 1136; x_wconf 90' lang='lat' dir='ltr'><strong>delector</strong></span> <span class='ocrx_word' id='word_1_91' title='bbox 1189 1105 1271 1147; x_wconf 86' lang='lat' dir='ltr'><strong>ego</strong></span> <span class='ocrx_word' id='word_1_92' title='bbox 1302 1106 1353 1136; x_wconf 92' lang='lat' dir='ltr'><strong>ac</strong></span> <span class='ocrx_word' id='word_1_93' title='bbox 1382 1093 1462 1137; x_wconf 70' lang='lat' dir='ltr'><strong>tu?</strong></span> 
     </span>
     <span class='ocr_line' id='line_1_15' title="bbox 269 1162 1531 1218; baseline 0 -12"><span class='ocrx_word' id='word_1_94' title='bbox 269 1164 345 1218; x_wconf 92' lang='lat' dir='ltr'><strong>qui</strong></span> <span class='ocrx_word' id='word_1_95' title='bbox 375 1163 495 1206; x_wconf 88' lang='lat' dir='ltr'><strong>dedit</strong></span> <span class='ocrx_word' id='word_1_96' title='bbox 524 1162 608 1206; x_wconf 89' lang='lat' dir='ltr'><strong>hoc</strong></span> <span class='ocrx_word' id='word_1_97' title='bbox 637 1163 782 1214; x_wconf 92' lang='lat' dir='ltr'><strong>hodie,</strong></span> <span class='ocrx_word' id='word_1_98' title='bbox 815 1175 927 1215; x_wconf 87' lang='lat' dir='ltr'><strong>cras,</strong></span> <span class='ocrx_word' id='word_1_99' title='bbox 958 1163 996 1206; x_wconf 90' lang='lat' dir='ltr'><strong>si</strong></span> <span class='ocrx_word' id='word_1_100' title='bbox 1026 1162 1161 1214; x_wconf 88' lang='lat' dir='ltr'><strong>uolet,</strong></span> <span class='ocrx_word' id='word_1_101' title='bbox 1191 1162 1375 1215; x_wconf 79' lang='lat' dir='ltr'><strong>auferet,</strong></span> <span class='ocrx_word' id='word_1_102' title='bbox 1407 1166 1457 1206; x_wconf 91' lang='lat' dir='ltr'><strong>ut</strong></span> <span class='ocrx_word' id='word_1_103' title='bbox 1487 1164 1531 1206; x_wconf 91' lang='lat' dir='ltr'><strong>si</strong></span> 
     </span>
     <span class='ocr_line' id='line_1_16' title="bbox 269 1231 1277 1286; baseline 0 -12"><span class='ocrx_word' id='word_1_104' title='bbox 269 1232 477 1275; x_wconf 87' lang='lat' dir='ltr'><strong>detulerit</strong></span> <span class='ocrx_word' id='word_1_105' title='bbox 504 1231 648 1275; x_wconf 88' lang='lat' dir='ltr'><strong>fasces</strong></span> <span class='ocrx_word' id='word_1_106' title='bbox 678 1232 876 1286; x_wconf 88' lang='lat' dir='ltr'><strong>indigno,</strong></span> <span class='ocrx_word' id='word_1_107' title='bbox 908 1231 1113 1275; x_wconf 88' lang='lat' dir='ltr'><strong>detrahet</strong></span> <span class='ocrx_word' id='word_1_108' title='bbox 1143 1232 1277 1275; x_wconf 91' lang='lat' dir='ltr'><strong>idem.</strong></span> 
     </span>
    </p>
   </div>
   <div class='ocr_carea' id='block_1_3' title="bbox 141 1322 1736 2199">
    <p class='ocr_par' dir='ltr' id='par_1_4' title="bbox 141 1322 1736 2199">
     <span class='ocr_line' id='line_1_17' title="bbox 150 1322 1734 1371; baseline 0.001 -14"><span class='ocrx_word' id='word_1_109' title='bbox 150 1323 220 1358; x_wconf 86' lang='lat' dir='ltr'><strong>tibi</strong></span> <span class='ocrx_word' id='word_1_110' title='bbox 251 1322 434 1368; x_wconf 88' lang='lat' dir='ltr'><strong>uidearis,</strong></span> <span class='ocrx_word' id='word_1_111' title='bbox 473 1333 548 1359; x_wconf 90' lang='lat' dir='ltr'><strong>non</strong></span> <span class='ocrx_word' id='word_1_112' title='bbox 579 1322 661 1358; x_wconf 80' lang='lat' dir='ltr'><strong>aliis</strong></span> <span class='ocrx_word' id='word_1_113' title='bbox 688 1323 695 1369; x_wconf 72' lang='grc' dir='ltr'>Ι</span> <span class='ocrx_word' id='word_1_114' title='bbox 729 1322 808 1359; x_wconf 87' lang='lat' dir='ltr'><strong>Cat.</strong></span> <span class='ocrx_word' id='word_1_115' title='bbox 842 1322 989 1359; x_wconf 80' lang='lat' dir='ltr'><strong>distich.</strong></span> <span class='ocrx_word' id='word_1_116' title='bbox 1022 1322 1042 1358; x_wconf 87' lang='grc' dir='ltr'>Ι</span> <span class='ocrx_word' id='word_1_117' title='bbox 1075 1323 1138 1358; x_wconf 85' lang='grc'><strong>14;</strong></span> <span class='ocrx_word' id='word_1_118' title='bbox 1179 1322 1287 1369; x_wconf 84' lang='lat' dir='ltr'><strong>plus</strong></span> <span class='ocrx_word' id='word_1_119' title='bbox 1320 1323 1431 1359; x_wconf 88' lang='lat' dir='ltr'><strong>aliis</strong></span> <span class='ocrx_word' id='word_1_120' title='bbox 1463 1323 1517 1359; x_wconf 93' lang='lat' dir='ltr'><strong>de</strong></span> <span class='ocrx_word' id='word_1_121' title='bbox 1547 1327 1591 1360; x_wconf 92' lang='lat' dir='ltr'><strong>te</strong></span> <span class='ocrx_word' id='word_1_122' title='bbox 1622 1335 1734 1371; x_wconf 90' lang='lat' dir='ltr'><strong>quam</strong></span> 
     </span>
     <span class='ocr_line' id='line_1_18' title="bbox 149 1368 1734 1416; baseline 0.001 -13"><span class='ocrx_word' id='word_1_123' title='bbox 149 1372 201 1404; x_wconf 91' lang='lat' dir='ltr'><strong>tu</strong></span> <span class='ocrx_word' id='word_1_124' title='bbox 224 1368 316 1404; x_wconf 92' lang='lat' dir='ltr'><strong>tibi</strong></span> <span class='ocrx_word' id='word_1_125' title='bbox 346 1368 536 1405; x_wconf 87' lang='lat' dir='ltr'><strong>credere</strong></span> <span class='ocrx_word' id='word_1_126' title='bbox 565 1369 641 1405; x_wconf 90' lang='lat' dir='ltr'><strong>noli</strong></span> <span class='ocrx_word' id='word_1_127' title='bbox 659 1370 671 1414; x_wconf 82' lang='grc' dir='ltr'><strong>ΙΙ</strong></span> <span class='ocrx_word' id='word_1_128' title='bbox 732 1369 843 1405; x_wconf 89' lang='lat' dir='ltr'><strong>ieron.</strong></span> <span class='ocrx_word' id='word_1_129' title='bbox 868 1368 915 1405; x_wconf 87' lang='lat' dir='ltr'><strong>ad</strong></span> <span class='ocrx_word' id='word_1_130' title='bbox 940 1369 1103 1406; x_wconf 89' lang='lat' dir='ltr'><strong>Demetr.</strong></span> <span class='ocrx_word' id='word_1_131' title='bbox 1120 1371 1142 1404; x_wconf 88' lang='lat'>4</span> <span class='ocrx_word' id='word_1_132' title='bbox 1162 1381 1196 1415; x_wconf 88' lang='lat' dir='ltr'><strong>p.</strong></span> <span class='ocrx_word' id='word_1_133' title='bbox 1215 1370 1260 1405; x_wconf 88' lang='lat'><strong>18</strong></span> <span class='ocrx_word' id='word_1_134' title='bbox 1283 1368 1343 1405; x_wconf 84' lang='lat' dir='ltr'><strong>O.:</strong></span> <span class='ocrx_word' id='word_1_135' title='bbox 1368 1380 1476 1416; x_wconf 85' lang='lat' dir='ltr'><strong>saepe</strong></span> <span class='ocrx_word' id='word_1_136' title='bbox 1499 1370 1734 1406; x_wconf 83' lang='lat' dir='ltr'><strong>adulantium</strong></span> 
     </span>
     <span class='ocr_line' id='line_1_19' title="bbox 148 1414 1736 1463; baseline 0.003 -14"><span class='ocrx_word' id='word_1_137' title='bbox 148 1415 353 1450; x_wconf 80' lang='lat' dir='ltr'><strong>resistimus</strong></span> <span class='ocrx_word' id='word_1_138' title='bbox 384 1415 506 1451; x_wconf 90' lang='lat' dir='ltr'><strong>uerbis</strong></span> <span class='ocrx_word' id='word_1_139' title='bbox 537 1414 585 1451; x_wconf 85' lang='lat' dir='ltr'><strong>ad</strong></span> <span class='ocrx_word' id='word_1_140' title='bbox 617 1415 750 1451; x_wconf 87' lang='lat' dir='ltr'><strong>faciem</strong></span> <span class='ocrx_word' id='word_1_141' title='bbox 782 1420 819 1452; x_wconf 88' lang='lat' dir='ltr'><strong>et</strong></span> <span class='ocrx_word' id='word_1_142' title='bbox 850 1415 889 1450; x_wconf 87' lang='lat' dir='ltr'><strong>in</strong></span> <span class='ocrx_word' id='word_1_143' title='bbox 922 1420 1060 1452; x_wconf 88' lang='lat' dir='ltr'><strong>secreto</strong></span> <span class='ocrx_word' id='word_1_144' title='bbox 1092 1417 1226 1451; x_wconf 85' lang='lat' dir='ltr'><strong>mentis</strong></span> <span class='ocrx_word' id='word_1_145' title='bbox 1258 1415 1427 1451; x_wconf 79' lang='lat' dir='ltr'><strong>sanemus</strong></span> <span class='ocrx_word' id='word_1_146' title='bbox 1458 1417 1736 1463; x_wconf 83' lang='lat' dir='ltr'><strong>maximumque</strong></span> 
     </span>
     <span class='ocr_line' id='line_1_20' title="bbox 147 1461 1734 1508; baseline 0.001 -12"><span class='ocrx_word' id='word_1_147' title='bbox 147 1461 313 1496; x_wconf 84' lang='lat' dir='ltr'><strong>fructum</strong></span> <span class='ocrx_word' id='word_1_148' title='bbox 335 1472 376 1497; x_wconf 90' lang='lat' dir='ltr'><strong>ce</strong></span> <span class='ocrx_word' id='word_1_149' title='bbox 402 1462 474 1497; x_wconf 85' lang='lat' dir='ltr'><strong>isse</strong></span> <span class='ocrx_word' id='word_1_150' title='bbox 495 1471 570 1498; x_wconf 91' lang='lat' dir='ltr'><strong>non</strong></span> <span class='ocrx_word' id='word_1_151' title='bbox 594 1461 776 1506; x_wconf 83' lang='lat' dir='ltr'><strong>ducimus,</strong></span> <span class='ocrx_word' id='word_1_152' title='bbox 801 1461 832 1496; x_wconf 93' lang='lat' dir='ltr'><strong>si</strong></span> <span class='ocrx_word' id='word_1_153' title='bbox 856 1461 916 1497; x_wconf 89' lang='lat' dir='ltr'><strong>uel</strong></span> <span class='ocrx_word' id='word_1_154' title='bbox 939 1461 1039 1497; x_wconf 83' lang='lat' dir='ltr'><strong>fictis</strong></span> <span class='ocrx_word' id='word_1_155' title='bbox 1063 1461 1237 1497; x_wconf 79' lang='lat' dir='ltr'><strong>laudibus</strong></span> <span class='ocrx_word' id='word_1_156' title='bbox 1261 1463 1527 1507; x_wconf 86' lang='lat' dir='ltr'><strong>praedicamur,</strong></span> <span class='ocrx_word' id='word_1_157' title='bbox 1552 1474 1621 1498; x_wconf 89' lang='lat' dir='ltr'><strong>nec</strong></span> <span class='ocrx_word' id='word_1_158' title='bbox 1636 1464 1734 1508; x_wconf 82' lang='lat' dir='ltr'><strong>cogi-</strong></span> 
     </span>
     <span class='ocr_line' id='line_1_21' title="bbox 149 1507 1732 1554; baseline 0.002 -12"><span class='ocrx_word' id='word_1_159' title='bbox 149 1510 272 1542; x_wconf 83' lang='lat' dir='ltr'><strong>tamus</strong></span> <span class='ocrx_word' id='word_1_160' title='bbox 329 1519 354 1543; x_wconf 95' lang='lat' dir='ltr'><strong>u</strong></span> <span class='ocrx_word' id='word_1_161' title='bbox 433 1507 505 1554; x_wconf 86' lang='lat' dir='ltr'><strong>ipsi</strong></span> <span class='ocrx_word' id='word_1_162' title='bbox 536 1519 685 1552; x_wconf 89' lang='lat' dir='ltr'><strong>sumus,</strong></span> <span class='ocrx_word' id='word_1_163' title='bbox 725 1507 791 1543; x_wconf 92' lang='lat' dir='ltr'><strong>sed</strong></span> <span class='ocrx_word' id='word_1_164' title='bbox 823 1507 913 1554; x_wconf 89' lang='lat' dir='ltr'><strong>quid</strong></span> <span class='ocrx_word' id='word_1_165' title='bbox 951 1508 1076 1544; x_wconf 85' lang='lat' dir='ltr'><strong>alteris</strong></span> <span class='ocrx_word' id='word_1_166' title='bbox 1113 1518 1191 1544; x_wconf 78' lang='lat' dir='ltr'><strong>esse</strong></span> <span class='ocrx_word' id='word_1_167' title='bbox 1221 1508 1416 1544; x_wconf 85' lang='lat' dir='ltr'><strong>uideamur</strong></span> <span class='ocrx_word' id='word_1_168' title='bbox 1518 1509 1658 1545; x_wconf 75' lang='lat'>20—24</span> <span class='ocrx_word' id='word_1_169' title='bbox 1687 1513 1732 1547; x_wconf 83' lang='lat' dir='ltr'><strong>T:</strong></span> 
     </span>
     <span class='ocr_line' id='line_1_22' title="bbox 147 1552 1732 1601; baseline 0.001 -12"><span class='ocrx_word' id='word_1_170' title='bbox 147 1552 258 1589; x_wconf 75' lang='lat' dir='ltr'><strong>floril-</strong></span> <span class='ocrx_word' id='word_1_171' title='bbox 321 1557 410 1589; x_wconf 82' lang='lat' dir='ltr'><strong>ostr.</strong></span> <span class='ocrx_word' id='word_1_172' title='bbox 480 1553 528 1589; x_wconf 85' lang='lat'><strong>20</strong></span> <span class='ocrx_word' id='word_1_173' title='bbox 551 1557 596 1592; x_wconf 82' lang='lat' dir='ltr'><strong>T:</strong></span> <span class='ocrx_word' id='word_1_174' title='bbox 621 1553 765 1590; x_wconf 84' lang='lat' dir='ltr'><strong>Charis.</strong></span> <span class='ocrx_word' id='word_1_175' title='bbox 789 1565 825 1600; x_wconf 90' lang='lat' dir='ltr'><strong>p.</strong></span> <span class='ocrx_word' id='word_1_176' title='bbox 849 1553 990 1596; x_wconf 82' lang='lat'><strong>268,17</strong></span> <span class='ocrx_word' id='word_1_177' title='bbox 1008 1554 1056 1590; x_wconf 92' lang='grc' dir='ltr'><strong>Κ.</strong></span> <span class='ocrx_word' id='word_1_178' title='bbox 1126 1553 1173 1590; x_wconf 91' lang='grc'><strong>22</strong></span> <span class='ocrx_word' id='word_1_179' title='bbox 1198 1566 1252 1601; x_wconf 86' lang='lat' dir='ltr'><strong>sq.</strong></span> <span class='ocrx_word' id='word_1_180' title='bbox 1276 1556 1321 1594; x_wconf 87' lang='lat' dir='ltr'><strong>S:</strong></span> <span class='ocrx_word' id='word_1_181' title='bbox 1348 1555 1447 1591; x_wconf 89' lang='lat' dir='ltr'><strong>Pers.</strong></span> <span class='ocrx_word' id='word_1_182' title='bbox 1471 1556 1505 1598; x_wconf 90' lang='lat'><strong>3,</strong></span> <span class='ocrx_word' id='word_1_183' title='bbox 1531 1554 1732 1591; x_wconf 78' lang='lat' dir='ltr'><strong>loo—102:</strong></span> 
     </span>
     <span class='ocr_line' id='line_1_23' title="bbox 147 1599 1734 1647; baseline 0.001 -12"><span class='ocrx_word' id='word_1_184' title='bbox 147 1599 211 1635; x_wconf 80' lang='lat' dir='ltr'><strong>sed</strong></span> <span class='ocrx_word' id='word_1_185' title='bbox 242 1602 416 1636; x_wconf 85' lang='lat' dir='ltr'><strong>tremor</strong></span> <span class='ocrx_word' id='word_1_186' title='bbox 454 1600 550 1635; x_wconf 85' lang='lat' dir='ltr'><strong>inter</strong></span> <span class='ocrx_word' id='word_1_187' title='bbox 589 1600 678 1636; x_wconf 83' lang='lat' dir='ltr'><strong>uina</strong></span> <span class='ocrx_word' id='word_1_188' title='bbox 712 1600 815 1635; x_wconf 81' lang='lat' dir='ltr'><strong>subit</strong></span> <span class='ocrx_word' id='word_1_189' title='bbox 849 1599 1085 1647; x_wconf 87' lang='lat' dir='ltr'><strong>calidumque</strong></span> <span class='ocrx_word' id='word_1_190' title='bbox 1112 1602 1283 1637; x_wconf 88' lang='lat' dir='ltr'><strong>trientem</strong></span> <span class='ocrx_word' id='word_1_191' title='bbox 1322 1601 1463 1637; x_wconf 84' lang='lat' dir='ltr'><strong>excutit</strong></span> <span class='ocrx_word' id='word_1_192' title='bbox 1494 1612 1514 1637; x_wconf 89' lang='lat' dir='ltr'><strong>e</strong></span> <span class='ocrx_word' id='word_1_193' title='bbox 1548 1602 1734 1646; x_wconf 87' lang='lat' dir='ltr'><strong>manibus,</strong></span> 
     </span>
     <span class='ocr_line' id='line_1_24' title="bbox 146 1644 1733 1694; baseline 0.002 -14"><span class='ocrx_word' id='word_1_194' title='bbox 146 1644 274 1682; x_wconf 82' lang='lat' dir='ltr'><strong>dentes</strong></span> <span class='ocrx_word' id='word_1_195' title='bbox 295 1656 467 1692; x_wconf 85' lang='lat' dir='ltr'><strong>crepuere</strong></span> <span class='ocrx_word' id='word_1_196' title='bbox 489 1646 627 1689; x_wconf 89' lang='lat' dir='ltr'><strong>retecti,</strong></span> <span class='ocrx_word' id='word_1_197' title='bbox 651 1650 766 1682; x_wconf 85' lang='lat' dir='ltr'><strong>uncta</strong></span> <span class='ocrx_word' id='word_1_198' title='bbox 788 1646 928 1682; x_wconf 85' lang='lat' dir='ltr'><strong>cadunt</strong></span> <span class='ocrx_word' id='word_1_199' title='bbox 951 1645 1046 1682; x_wconf 84' lang='lat' dir='ltr'><strong>laxis</strong></span> <span class='ocrx_word' id='word_1_200' title='bbox 1070 1651 1160 1682; x_wconf 90' lang='lat' dir='ltr'><strong>tunc</strong></span> <span class='ocrx_word' id='word_1_201' title='bbox 1176 1648 1425 1694; x_wconf 85' lang='lat' dir='ltr'><strong>pulmentaria</strong></span> <span class='ocrx_word' id='word_1_202' title='bbox 1442 1646 1553 1683; x_wconf 85' lang='lat' dir='ltr'><strong>labris</strong></span> <span class='ocrx_word' id='word_1_203' title='bbox 1615 1647 1662 1684; x_wconf 82' lang='lat'><strong>24</strong></span> <span class='ocrx_word' id='word_1_204' title='bbox 1685 1648 1733 1684; x_wconf 83' lang='lat' dir='ltr'><strong>cf.</strong></span> 
     </span>
     <span class='ocr_line' id='line_1_25' title="bbox 145 1691 1733 1740; baseline 0.001 -13"><span class='ocrx_word' id='word_1_205' title='bbox 145 1691 246 1727; x_wconf 83' lang='lat' dir='ltr'><strong>Pers.</strong></span> <span class='ocrx_word' id='word_1_206' title='bbox 268 1692 303 1736; x_wconf 88' lang='lat'><strong>4,</strong></span> <span class='ocrx_word' id='word_1_207' title='bbox 327 1693 372 1728; x_wconf 85' lang='lat'><strong>43</strong></span> <span class='ocrx_word' id='word_1_208' title='bbox 397 1703 469 1739; x_wconf 87' lang='lat' dir='ltr'><strong>sq.:</strong></span> <span class='ocrx_word' id='word_1_209' title='bbox 493 1692 558 1727; x_wconf 84' lang='lat' dir='ltr'><strong>ilia</strong></span> <span class='ocrx_word' id='word_1_210' title='bbox 581 1691 708 1728; x_wconf 86' lang='lat' dir='ltr'><strong>subter</strong></span> <span class='ocrx_word' id='word_1_211' title='bbox 730 1703 881 1728; x_wconf 83' lang='lat' dir='ltr'><strong>caecum</strong></span> <span class='ocrx_word' id='word_1_212' title='bbox 904 1692 1040 1728; x_wconf 85' lang='lat' dir='ltr'><strong>uolnus</strong></span> <span class='ocrx_word' id='word_1_213' title='bbox 1063 1692 1178 1729; x_wconf 81' lang='lat' dir='ltr'><strong>habes</strong></span> <span class='ocrx_word' id='word_1_214' title='bbox 1225 1693 1347 1740; x_wconf 92' lang='lat' dir='ltr'><strong>pudor</strong></span> <span class='ocrx_word' id='word_1_215' title='bbox 1378 1694 1512 1739; x_wconf 86' lang='lat' dir='ltr'><strong>malus]</strong></span> <span class='ocrx_word' id='word_1_216' title='bbox 1545 1695 1588 1732; x_wconf 83' lang='lat' dir='ltr'><strong>S:</strong></span> <span class='ocrx_word' id='word_1_217' title='bbox 1622 1693 1733 1734; x_wconf 83' lang='grc' dir='ltr'><em>αἰδὼς</em></span> 
     </span>
     <span class='ocr_line' id='line_1_26' title="bbox 146 1737 1734 1791; baseline 0.003 -19"><span class='ocrx_word' id='word_1_218' title='bbox 146 1738 243 1783; x_wconf 85' lang='grc' dir='ltr'><strong><em>κακή</em></strong></span> <span class='ocrx_word' id='word_1_219' title='bbox 275 1749 333 1784; x_wconf 85' lang='lat' dir='ltr'><strong>ap.</strong></span> <span class='ocrx_word' id='word_1_220' title='bbox 359 1738 486 1791; x_wconf 83' lang='lat' dir='ltr'><strong>Eurip.</strong></span> <span class='ocrx_word' id='word_1_221' title='bbox 512 1737 665 1784; x_wconf 81' lang='lat' dir='ltr'><strong>Hippoi.</strong></span> <span class='ocrx_word' id='word_1_222' title='bbox 690 1738 789 1784; x_wconf 73' lang='lat'>3851}</span> <span class='ocrx_word' id='word_1_223' title='bbox 808 1738 892 1774; x_wconf 87' lang='lat' dir='ltr'><strong>Sen.</strong></span> <span class='ocrx_word' id='word_1_224' title='bbox 916 1738 963 1774; x_wconf 89' lang='lat' dir='ltr'><strong>de</strong></span> <span class='ocrx_word' id='word_1_225' title='bbox 987 1742 1134 1786; x_wconf 87' lang='lat' dir='ltr'><strong>tranqu.</strong></span> <span class='ocrx_word' id='word_1_226' title='bbox 1158 1750 1218 1775; x_wconf 87' lang='lat' dir='ltr'><strong>an.</strong></span> <span class='ocrx_word' id='word_1_227' title='bbox 1243 1739 1277 1784; x_wconf 83' lang='lat'><strong>2,</strong></span> <span class='ocrx_word' id='word_1_228' title='bbox 1301 1742 1341 1776; x_wconf 83' lang='lat'><strong>5:</strong></span> <span class='ocrx_word' id='word_1_229' title='bbox 1366 1751 1459 1787; x_wconf 86' lang='lat' dir='ltr'><strong>quos</strong></span> <span class='ocrx_word' id='word_1_230' title='bbox 1491 1740 1561 1776; x_wconf 89' lang='lat' dir='ltr'><strong>sub</strong></span> <span class='ocrx_word' id='word_1_231' title='bbox 1592 1740 1734 1786; x_wconf 86' lang='lat' dir='ltr'><strong>ingenti</strong></span> 
     </span>
     <span class='ocr_line' id='line_1_27' title="bbox 146 1784 1732 1833; baseline 0.003 -15"><span class='ocrx_word' id='word_1_232' title='bbox 146 1784 257 1820; x_wconf 82' lang='lat' dir='ltr'><strong>titulo</strong></span> <span class='ocrx_word' id='word_1_233' title='bbox 282 1784 484 1821; x_wconf 79' lang='lat' dir='ltr'><strong>laborant1s</strong></span> <span class='ocrx_word' id='word_1_234' title='bbox 516 1785 560 1819; x_wconf 90' lang='lat' dir='ltr'><strong>in</strong></span> <span class='ocrx_word' id='word_1_235' title='bbox 595 1795 680 1820; x_wconf 86' lang='lat' dir='ltr'><strong>sua</strong></span> <span class='ocrx_word' id='word_1_236' title='bbox 710 1784 1023 1821; x_wconf 85' lang='lat' dir='ltr'><strong>simulatione</strong></span> <span class='ocrx_word' id='word_1_237' title='bbox 1064 1785 1219 1832; x_wconf 91' lang='lat' dir='ltr'><strong>pudor</strong></span> <span class='ocrx_word' id='word_1_238' title='bbox 1251 1786 1368 1833; x_wconf 88' lang='lat' dir='ltr'><strong>magis</strong></span> <span class='ocrx_word' id='word_1_239' title='bbox 1404 1797 1516 1833; x_wconf 84' lang='lat' dir='ltr'><strong>quam</strong></span> <span class='ocrx_word' id='word_1_240' title='bbox 1556 1786 1732 1823; x_wconf 88' lang='lat' dir='ltr'><strong>uoluntas</strong></span> 
     </span>
     <span class='ocr_line' id='line_1_28' title="bbox 143 1829 1731 1878; baseline 0.002 -13"><span class='ocrx_word' id='word_1_241' title='bbox 143 1833 254 1866; x_wconf 84' lang='lat' dir='ltr'><strong>tenet.</strong></span> <span class='ocrx_word' id='word_1_242' title='bbox 333 1830 381 1867; x_wconf 82' lang='grc'>26</span> <span class='ocrx_word' id='word_1_243' title='bbox 406 1833 450 1870; x_wconf 85' lang='lat' dir='ltr'><strong>S:</strong></span> <span class='ocrx_word' id='word_1_244' title='bbox 485 1829 605 1866; x_wconf 84' lang='lat' dir='ltr'><strong>Plaut.</strong></span> <span class='ocrx_word' id='word_1_245' title='bbox 630 1831 715 1867; x_wconf 86' lang='lat' dir='ltr'><strong>trin.</strong></span> <span class='ocrx_word' id='word_1_246' title='bbox 740 1831 832 1877; x_wconf 89' lang='lat' dir='ltr'><strong>prol.</strong></span> <span class='ocrx_word' id='word_1_247' title='bbox 859 1831 921 1866; x_wconf 90' lang='lat'><strong>11:</strong></span> <span class='ocrx_word' id='word_1_248' title='bbox 957 1832 1112 1878; x_wconf 84' lang='lat' dir='ltr'><strong>accipite</strong></span> <span class='ocrx_word' id='word_1_249' title='bbox 1144 1836 1181 1867; x_wconf 90' lang='lat' dir='ltr'><strong>et</strong></span> <span class='ocrx_word' id='word_1_250' title='bbox 1216 1831 1302 1868; x_wconf 86' lang='lat' dir='ltr'><strong>date</strong></span> <span class='ocrx_word' id='word_1_251' title='bbox 1337 1833 1545 1868; x_wconf 86' lang='lat' dir='ltr'><strong>uaciuas</strong></span> <span class='ocrx_word' id='word_1_252' title='bbox 1581 1833 1731 1877; x_wconf 89' lang='lat' dir='ltr'><strong>auris,</strong></span> 
     </span>
     <span class='ocr_line' id='line_1_29' title="bbox 145 1876 1731 1925; baseline 0.003 -14"><span class='ocrx_word' id='word_1_253' title='bbox 145 1876 236 1911; x_wconf 91' lang='lat' dir='ltr'><strong>dum</strong></span> <span class='ocrx_word' id='word_1_254' title='bbox 259 1876 412 1923; x_wconf 90' lang='lat' dir='ltr'><strong>eloquor</strong></span> <span class='ocrx_word' id='word_1_255' title='bbox 437 1877 451 1923; x_wconf 88' lang='grc' dir='ltr'><strong>ΙΙ</strong></span> <span class='ocrx_word' id='word_1_256' title='bbox 475 1876 582 1913; x_wconf 90' lang='lat' dir='ltr'><strong>Lucr.</strong></span> <span class='ocrx_word' id='word_1_257' title='bbox 608 1876 628 1912; x_wconf 89' lang='lat' dir='ltr'><strong>l</strong></span> <span class='ocrx_word' id='word_1_258' title='bbox 652 1877 699 1913; x_wconf 89' lang='lat'><strong>50</strong></span> <span class='ocrx_word' id='word_1_259' title='bbox 721 1888 738 1912; x_wconf 92' lang='lat' dir='ltr'><strong>s</strong></span> <span class='ocrx_word' id='word_1_260' title='bbox 766 1903 774 1912; x_wconf 91' lang='lat'><strong>.</strong></span> <span class='ocrx_word' id='word_1_261' title='bbox 801 1877 862 1912; x_wconf 90' lang='lat' dir='ltr'><strong>B.:</strong></span> <span class='ocrx_word' id='word_1_262' title='bbox 887 1888 1065 1913; x_wconf 84' lang='lat' dir='ltr'><strong>uacuas</strong></span> <span class='ocrx_word' id='word_1_263' title='bbox 1097 1877 1226 1914; x_wconf 88' lang='lat' dir='ltr'><strong>auris</strong></span> <span class='ocrx_word' id='word_1_264' title='bbox 1258 1878 1394 1914; x_wconf 87' lang='lat' dir='ltr'><strong>adhibe</strong></span> <span class='ocrx_word' id='word_1_265' title='bbox 1421 1878 1435 1925; x_wconf 86' lang='grc' dir='ltr'><strong>ΙΙ</strong></span> <span class='ocrx_word' id='word_1_266' title='bbox 1465 1877 1642 1925; x_wconf 86' lang='lat' dir='ltr'><strong>Calpurn.</strong></span> <span class='ocrx_word' id='word_1_267' title='bbox 1666 1879 1731 1915; x_wconf 88' lang='lat' dir='ltr'><strong>ecl.</strong></span> 
     </span>
     <span class='ocr_line' id='line_1_30' title="bbox 144 1922 1732 1971; baseline 0.002 -13"><span class='ocrx_word' id='word_1_268' title='bbox 144 1924 178 1965; x_wconf 82' lang='lat'><strong>4,</strong></span> <span class='ocrx_word' id='word_1_269' title='bbox 201 1922 246 1958; x_wconf 82' lang='lat'><strong>47</strong></span> <span class='ocrx_word' id='word_1_270' title='bbox 270 1934 343 1970; x_wconf 87' lang='lat' dir='ltr'><strong>sq.:</strong></span> <span class='ocrx_word' id='word_1_271' title='bbox 367 1934 443 1959; x_wconf 89' lang='lat' dir='ltr'><strong>non</strong></span> <span class='ocrx_word' id='word_1_272' title='bbox 466 1923 546 1968; x_wconf 89' lang='lat' dir='ltr'><strong>ipse</strong></span> <span class='ocrx_word' id='word_1_273' title='bbox 567 1922 672 1960; x_wconf 87' lang='lat' dir='ltr'><strong>daret</strong></span> <span class='ocrx_word' id='word_1_274' title='bbox 705 1925 756 1958; x_wconf 92' lang='lat' dir='ltr'><strong>mi</strong></span> <span class='ocrx_word' id='word_1_275' title='bbox 785 1923 798 1958; x_wconf 91' lang='lat' dir='ltr'><strong>i</strong></span> <span class='ocrx_word' id='word_1_276' title='bbox 830 1923 987 1959; x_wconf 83' lang='lat' dir='ltr'><strong>forsitan</strong></span> <span class='ocrx_word' id='word_1_277' title='bbox 1011 1934 1168 1960; x_wconf 83' lang='lat' dir='ltr'><strong>aurem</strong></span> <span class='ocrx_word' id='word_1_278' title='bbox 1193 1951 1202 1960; x_wconf 91' lang='lat'>.</span> <span class='ocrx_word' id='word_1_279' title='bbox 1227 1951 1237 1960; x_wconf 90' lang='lat'><strong>.</strong></span> <span class='ocrx_word' id='word_1_280' title='bbox 1263 1951 1271 1960; x_wconf 95' lang='lat'>.</span> <span class='ocrx_word' id='word_1_281' title='bbox 1296 1935 1489 1960; x_wconf 84' lang='lat' dir='ltr'><strong>uacuam</strong></span> <span class='ocrx_word' id='word_1_282' title='bbox 1507 1925 1522 1971; x_wconf 82' lang='grc' dir='ltr'><strong>ΙΙ</strong></span> <span class='ocrx_word' id='word_1_283' title='bbox 1539 1924 1615 1961; x_wconf 82' lang='lat' dir='ltr'><strong>Cic.</strong></span> <span class='ocrx_word' id='word_1_284' title='bbox 1639 1928 1732 1961; x_wconf 87' lang='lat' dir='ltr'><strong>orat.</strong></span> 
     </span>
     <span class='ocr_line' id='line_1_31' title="bbox 142 1968 1727 2019; baseline 0.002 -15"><span class='ocrx_word' id='word_1_285' title='bbox 142 1968 200 2009; x_wconf 83' lang='lat'><strong>49,</strong></span> <span class='ocrx_word' id='word_1_286' title='bbox 217 1969 302 2005; x_wconf 87' lang='lat'>163:</span> <span class='ocrx_word' id='word_1_287' title='bbox 327 1968 423 2004; x_wconf 84' lang='lat' dir='ltr'><strong>duae</strong></span> <span class='ocrx_word' id='word_1_288' title='bbox 437 1973 527 2005; x_wconf 88' lang='lat' dir='ltr'><strong>sunt</strong></span> <span class='ocrx_word' id='word_1_289' title='bbox 544 1995 554 2005; x_wconf 85' lang='lat'><strong>.</strong></span> <span class='ocrx_word' id='word_1_290' title='bbox 573 1996 581 2005; x_wconf 91' lang='lat'><strong><em>.</em></strong></span> <span class='ocrx_word' id='word_1_291' title='bbox 600 1995 610 2004; x_wconf 88' lang='lat'><strong>.</strong></span> <span class='ocrx_word' id='word_1_292' title='bbox 626 1980 696 2011; x_wconf 80' lang='lat' dir='ltr'><strong>ree,</strong></span> <span class='ocrx_word' id='word_1_293' title='bbox 721 1980 815 2016; x_wconf 87' lang='lat' dir='ltr'><strong>quae</strong></span> <span class='ocrx_word' id='word_1_294' title='bbox 838 1970 1135 2016; x_wconf 86' lang='lat' dir='ltr'><strong>permulcent</strong></span> <span class='ocrx_word' id='word_1_295' title='bbox 1158 1970 1307 2015; x_wconf 85' lang='lat' dir='ltr'><strong>auris,</strong></span> <span class='ocrx_word' id='word_1_296' title='bbox 1331 1981 1445 2007; x_wconf 87' lang='lat' dir='ltr'><strong>sonus</strong></span> <span class='ocrx_word' id='word_1_297' title='bbox 1461 1975 1498 2007; x_wconf 90' lang='lat' dir='ltr'><strong>et</strong></span> <span class='ocrx_word' id='word_1_298' title='bbox 1515 1982 1692 2007; x_wconf 87' lang='lat' dir='ltr'><strong>numerus</strong></span> <span class='ocrx_word' id='word_1_299' title='bbox 1710 1972 1727 2019; x_wconf 90' lang='grc' dir='ltr'><strong>ΙΙ</strong></span> 
     </span>
     <span class='ocr_line' id='line_1_32' title="bbox 145 2014 1732 2064; baseline 0.002 -13"><span class='ocrx_word' id='word_1_300' title='bbox 145 2014 210 2051; x_wconf 83' lang='lat' dir='ltr'><strong>Sil.</strong></span> <span class='ocrx_word' id='word_1_301' title='bbox 234 2014 283 2050; x_wconf 93' lang='lat' dir='ltr'><strong>It.</strong></span> <span class='ocrx_word' id='word_1_302' title='bbox 307 2014 367 2050; x_wconf 87' lang='lat' dir='ltr'><strong>XI</strong></span> <span class='ocrx_word' id='word_1_303' title='bbox 390 2014 478 2052; x_wconf 85' lang='lat'>290:</span> <span class='ocrx_word' id='word_1_304' title='bbox 502 2015 769 2061; x_wconf 86' lang='lat' dir='ltr'><strong>permulcet</strong></span> <span class='ocrx_word' id='word_1_305' title='bbox 793 2016 964 2051; x_wconf 88' lang='lat' dir='ltr'><strong>cantibus</strong></span> <span class='ocrx_word' id='word_1_306' title='bbox 989 2027 1127 2052; x_wconf 89' lang='lat' dir='ltr'><strong>aures</strong></span> <span class='ocrx_word' id='word_1_307' title='bbox 1152 2016 1166 2063; x_wconf 87' lang='grc' dir='ltr'><strong>ΙΙ</strong></span> <span class='ocrx_word' id='word_1_308' title='bbox 1192 2017 1304 2063; x_wconf 88' lang='lat' dir='ltr'><strong>Apul.</strong></span> <span class='ocrx_word' id='word_1_309' title='bbox 1330 2020 1416 2054; x_wconf 86' lang='lat' dir='ltr'><strong>met.</strong></span> <span class='ocrx_word' id='word_1_310' title='bbox 1440 2017 1460 2052; x_wconf 95' lang='lat' dir='ltr'>I</span> <span class='ocrx_word' id='word_1_311' title='bbox 1486 2018 1527 2053; x_wconf 88' lang='lat'><strong>1:</strong></span> <span class='ocrx_word' id='word_1_312' title='bbox 1552 2029 1732 2064; x_wconf 86' lang='lat' dir='ltr'><strong>auresque</strong></span> 
     </span>
     <span class='ocr_line' id='line_1_33' title="bbox 141 2060 1730 2110; baseline 0.002 -14"><span class='ocrx_word' id='word_1_313' title='bbox 141 2064 226 2097; x_wconf 80' lang='lat' dir='ltr'><strong>tuas</strong></span> <span class='ocrx_word' id='word_1_314' title='bbox 250 2060 440 2097; x_wconf 83' lang='lat' dir='ltr'><strong>beniuolas</strong></span> <span class='ocrx_word' id='word_1_315' title='bbox 463 2060 586 2108; x_wconf 87' lang='lat' dir='ltr'><strong>lepido</strong></span> <span class='ocrx_word' id='word_1_316' title='bbox 609 2072 762 2098; x_wconf 83' lang='lat' dir='ltr'><strong>susurro</strong></span> <span class='ocrx_word' id='word_1_317' title='bbox 786 2062 1032 2108; x_wconf 84' lang='lat' dir='ltr'><strong>permulceam</strong></span> <span class='ocrx_word' id='word_1_318' title='bbox 1058 2063 1073 2110; x_wconf 79' lang='grc' dir='ltr'><strong>ΙΙ</strong></span> <span class='ocrx_word' id='word_1_319' title='bbox 1101 2062 1148 2098; x_wconf 84' lang='lat' dir='ltr'><strong>cf.</strong></span> <span class='ocrx_word' id='word_1_320' title='bbox 1172 2063 1315 2100; x_wconf 85' lang='lat' dir='ltr'><strong>anthol.</strong></span> <span class='ocrx_word' id='word_1_321' title='bbox 1340 2063 1425 2100; x_wconf 88' lang='lat' dir='ltr'><strong>Lat.</strong></span> <span class='ocrx_word' id='word_1_322' title='bbox 1449 2063 1529 2106; x_wconf 88' lang='lat'><strong>635,</strong></span> <span class='ocrx_word' id='word_1_323' title='bbox 1552 2063 1610 2100; x_wconf 84' lang='lat'><strong>20.</strong></span> <span class='ocrx_word' id='word_1_324' title='bbox 1635 2064 1730 2101; x_wconf 89' lang='lat' dir='ltr'><strong>Ven.</strong></span> 
     </span>
     <span class='ocr_line' id='line_1_34' title="bbox 143 2106 1730 2157; baseline 0.003 -15"><span class='ocrx_word' id='word_1_325' title='bbox 143 2106 244 2143; x_wconf 85' lang='lat' dir='ltr'><strong>Fort.</strong></span> <span class='ocrx_word' id='word_1_326' title='bbox 256 2118 366 2143; x_wconf 84' lang='lat' dir='ltr'><strong>carm.</strong></span> <span class='ocrx_word' id='word_1_327' title='bbox 380 2107 420 2143; x_wconf 91' lang='lat' dir='ltr'>X</span> <span class='ocrx_word' id='word_1_328' title='bbox 437 2108 493 2151; x_wconf 87' lang='lat'><strong>11,</strong></span> <span class='ocrx_word' id='word_1_329' title='bbox 508 2108 532 2143; x_wconf 92' lang='lat'>4</span> <span class='ocrx_word' id='word_1_330' title='bbox 582 2108 724 2145; x_wconf 82' lang='lat'><strong>30—33</strong></span> <span class='ocrx_word' id='word_1_331' title='bbox 738 2111 782 2146; x_wconf 85' lang='lat' dir='ltr'><strong>T:</strong></span> <span class='ocrx_word' id='word_1_332' title='bbox 797 2108 908 2144; x_wconf 82' lang='lat' dir='ltr'><strong>florii.</strong></span> <span class='ocrx_word' id='word_1_333' title='bbox 928 2108 1055 2145; x_wconf 87' lang='lat' dir='ltr'><strong>Nostr.</strong></span> <span class='ocrx_word' id='word_1_334' title='bbox 1101 2109 1205 2148; x_wconf 78' lang='lat'>338:</span> <span class='ocrx_word' id='word_1_335' title='bbox 1227 2109 1339 2157; x_wconf 85' lang='lat' dir='ltr'><strong>Verg.</strong></span> <span class='ocrx_word' id='word_1_336' title='bbox 1358 2110 1450 2146; x_wconf 90' lang='lat' dir='ltr'><strong>Aen.</strong></span> <span class='ocrx_word' id='word_1_337' title='bbox 1463 2109 1501 2145; x_wconf 93' lang='lat' dir='ltr'>X</span> <span class='ocrx_word' id='word_1_338' title='bbox 1516 2110 1603 2147; x_wconf 84' lang='lat'>508:</span> <span class='ocrx_word' id='word_1_339' title='bbox 1616 2110 1730 2147; x_wconf 88' lang='lat' dir='ltr'><strong>haec</strong></span> 
     </span>
     <span class='ocr_line' id='line_1_35' title="bbox 145 2153 1190 2199; baseline 0.004 -12"><span class='ocrx_word' id='word_1_340' title='bbox 145 2155 182 2187; x_wconf 85' lang='lat' dir='ltr'><strong>te</strong></span> <span class='ocrx_word' id='word_1_341' title='bbox 202 2154 323 2199; x_wconf 84' lang='lat' dir='ltr'><strong>prima</strong></span> <span class='ocrx_word' id='word_1_342' title='bbox 346 2154 443 2189; x_wconf 87' lang='lat' dir='ltr'><strong>dies</strong></span> <span class='ocrx_word' id='word_1_343' title='bbox 468 2153 565 2190; x_wconf 88' lang='lat' dir='ltr'><strong>bello</strong></span> <span class='ocrx_word' id='word_1_344' title='bbox 588 2153 739 2197; x_wconf 86' lang='lat' dir='ltr'><strong>dedit,</strong></span> <span class='ocrx_word' id='word_1_345' title='bbox 762 2154 854 2190; x_wconf 88' lang='lat' dir='ltr'><strong>haec</strong></span> <span class='ocrx_word' id='word_1_346' title='bbox 878 2154 1006 2191; x_wconf 89' lang='lat' dir='ltr'><strong>eadem</strong></span> <span class='ocrx_word' id='word_1_347' title='bbox 1029 2155 1190 2191; x_wconf 82' lang='lat' dir='ltr'><strong>aufert</strong></span> 
     </span>
    </p>
   </div>
   <div class='ocr_carea' id='block_1_4' title="bbox 173 1301 426 1309">
    <p class='ocr_par' dir='ltr' id='par_1_5' title="bbox 173 1301 426 1309">
     <span class='ocr_line' id='line_1_36' title="bbox 173 1301 426 1309; baseline 0 0"><span class='ocrx_word' id='word_1_348' title='bbox 173 1301 426 1309; x_wconf 95' lang='lat' dir='ltr'><strong> </strong></span> 
     </span>
    </p>
   </div>
   <div class='ocr_carea' id='block_1_5' title="bbox 145 2213 419 2220">
    <p class='ocr_par' dir='ltr' id='par_1_6' title="bbox 145 2213 419 2220">
     <span class='ocr_line' id='line_1_37' title="bbox 145 2213 419 2220; baseline 0 1016"><span class='ocrx_word' id='word_1_349' title='bbox 145 2213 419 2220; x_wconf 95' lang='lat' dir='ltr'><strong> </strong></span> 
     </span>
    </p>
   </div>
   <div class='ocr_carea' id='block_1_6' title="bbox 261 2234 1731 2284">
    <p class='ocr_par' dir='ltr' id='par_1_7' title="bbox 261 2234 1731 2284">
     <span class='ocr_line' id='line_1_38' title="bbox 261 2234 1731 2284; baseline 0.003 -15"><span class='ocrx_word' id='word_1_350' title='bbox 261 2234 901 2281; x_wconf 63' lang='grc' dir='ltr'><strong>Ωτ-ΑΕΕΕγῖνπσςτηυκ</strong></span> <span class='ocrx_word' id='word_1_351' title='bbox 1006 2236 1163 2273; x_wconf 75' lang='grc' dir='ltr'>2οΝεο</span> <span class='ocrx_word' id='word_1_352' title='bbox 1194 2242 1310 2274; x_wconf 85' lang='lat' dir='ltr'><strong>ueR</strong></span> <span class='ocrx_word' id='word_1_353' title='bbox 1364 2237 1731 2284; x_wconf 84' lang='lat' dir='ltr'><strong>aliumasapiente</strong></span> 
     </span>
    </p>
   </div>
   <div class='ocr_carea' id='block_1_7' title="bbox 139 2293 1734 2435">
    <p class='ocr_par' dir='ltr' id='par_1_8' title="bbox 139 2293 1734 2435">
     <span class='ocr_line' id='line_1_39' title="bbox 139 2293 1727 2342; baseline 0.005 -18"><span class='ocrx_word' id='word_1_354' title='bbox 139 2294 220 2334; x_wconf 76' lang='lat' dir='ltr'><strong>flor.</strong></span> <span class='ocrx_word' id='word_1_355' title='bbox 255 2294 370 2327; x_wconf 73' lang='lat' dir='ltr'><strong>Nostr.</strong></span> <span class='ocrx_word' id='word_1_356' title='bbox 492 2293 540 2328; x_wconf 79' lang='grc'><strong>22</strong></span> <span class='ocrx_word' id='word_1_357' title='bbox 578 2293 719 2330; x_wconf 83' lang='lat' dir='ltr'><strong>febrem</strong></span> <span class='ocrx_word' id='word_1_358' title='bbox 757 2294 792 2329; x_wconf 86' lang='grc' dir='ltr'><em>Ω</em></span> <span class='ocrx_word' id='word_1_359' title='bbox 820 2298 901 2339; x_wconf 82' lang='lat' dir='ltr'><strong>flor.</strong></span> <span class='ocrx_word' id='word_1_360' title='bbox 929 2298 1045 2331; x_wconf 75' lang='lat' dir='ltr'><strong>Nostr.</strong></span> <span class='ocrx_word' id='word_1_361' title='bbox 1132 2298 1263 2342; x_wconf 82' lang='lat' dir='ltr'><strong>peetus</strong></span> <span class='ocrx_word' id='word_1_362' title='bbox 1298 2299 1349 2332; x_wconf 73' lang='grc' dir='ltr'><strong>ΕΙ</strong></span> <span class='ocrx_word' id='word_1_363' title='bbox 1373 2309 1396 2341; x_wconf 76' lang='lat'><em>9</em></span> <span class='ocrx_word' id='word_1_364' title='bbox 1422 2309 1445 2341; x_wconf 77' lang='lat' dir='ltr'><em>y</em></span> <span class='ocrx_word' id='word_1_365' title='bbox 1474 2300 1573 2341; x_wconf 72' lang='lat' dir='ltr'><strong>yloee.</strong></span> <span class='ocrx_word' id='word_1_366' title='bbox 1597 2298 1634 2332; x_wconf 92' lang='grc' dir='ltr'><em>Γ</em></span> <span class='ocrx_word' id='word_1_367' title='bbox 1649 2311 1727 2332; x_wconf 81' lang='lat' dir='ltr'><strong>uar.</strong></span> 
     </span>
     <span class='ocr_line' id='line_1_40' title="bbox 145 2341 1064 2386; baseline 0.008 -16"><span class='ocrx_word' id='word_1_368' title='bbox 145 2342 268 2380; x_wconf 80' lang='lat' dir='ltr'><strong>tenpus</strong></span> <span class='ocrx_word' id='word_1_369' title='bbox 799 2344 929 2385; x_wconf 86' lang='lat' dir='ltr'><strong>legitur</strong></span> <span class='ocrx_word' id='word_1_370' title='bbox 937 2345 966 2376; x_wconf 73' lang='lat' dir='ltr'><strong>dc</strong></span> <span class='ocrx_word' id='word_1_371' title='bbox 976 2341 1064 2386; x_wconf 84' lang='lat' dir='ltr'><strong>pect’</strong></span> 
     </span>
     <span class='ocr_line' id='line_1_41' title="bbox 160 2381 1734 2435; baseline 0.004 -19"><span class='ocrx_word' id='word_1_372' title='bbox 160 2381 252 2428; x_wconf 79' lang='lat' dir='ltr'><strong>slllll</strong></span> <span class='ocrx_word' id='word_1_373' title='bbox 268 2396 295 2416; x_wconf 86' lang='grc' dir='ltr'><em>π</em></span> <span class='ocrx_word' id='word_1_374' title='bbox 325 2387 470 2430; x_wconf 89' lang='lat' dir='ltr'><strong>tempus</strong></span> <span class='ocrx_word' id='word_1_375' title='bbox 482 2393 555 2420; x_wconf 80' lang='lat' dir='ltr'><strong>cett.</strong></span> <span class='ocrx_word' id='word_1_376' title='bbox 560 2389 641 2429; x_wconf 84' lang='lat' dir='ltr'><strong>flor.</strong></span> <span class='ocrx_word' id='word_1_377' title='bbox 655 2390 770 2421; x_wconf 72' lang='lat' dir='ltr'><strong>Nostr.</strong></span> <span class='ocrx_word' id='word_1_378' title='bbox 806 2387 1024 2433; x_wconf 87' lang='lat' dir='ltr'><strong>subtempus</strong></span> <span class='ocrx_word' id='word_1_379' title='bbox 1040 2402 1060 2433; x_wconf 86' lang='grc' dir='ltr'><em>γ</em></span> <span class='ocrx_word' id='word_1_380' title='bbox 1107 2387 1155 2424; x_wconf 82' lang='lat'><strong>23</strong></span> <span class='ocrx_word' id='word_1_381' title='bbox 1172 2387 1381 2424; x_wconf 85' lang='lat' dir='ltr'><strong>Dissimiles</strong></span> <span class='ocrx_word' id='word_1_382' title='bbox 1397 2401 1419 2423; x_wconf 93' lang='grc' dir='ltr'>σ</span> <span class='ocrx_word' id='word_1_383' title='bbox 1434 2399 1486 2424; x_wconf 74' lang='lat' dir='ltr'><strong>ml</strong></span> <span class='ocrx_word' id='word_1_384' title='bbox 1536 2388 1687 2435; x_wconf 59' lang='lat' dir='ltr'><strong>chlat</strong></span> <span class='ocrx_word' id='word_1_385' title='bbox 1698 2392 1734 2423; x_wconf 81' lang='lat' dir='ltr'><em>F</em></span> 
     </span>
    </p>
   </div>
   <div class='ocr_carea' id='block_1_8' title="bbox 144 2439 1731 2607">
    <p class='ocr_par' dir='ltr' id='par_1_9' title="bbox 144 2439 1731 2607">
     <span class='ocr_line' id='line_1_42' title="bbox 144 2439 1729 2491; baseline 0.005 -18"><span class='ocrx_word' id='word_1_386' title='bbox 144 2452 171 2473; x_wconf 89' lang='grc' dir='ltr'><em>π</em></span> <span class='ocrx_word' id='word_1_387' title='bbox 181 2443 226 2474; x_wconf 76' lang='grc' dir='ltr'><strong>σι</strong></span> <span class='ocrx_word' id='word_1_388' title='bbox 264 2439 312 2475; x_wconf 85' lang='grc'>26</span> <span class='ocrx_word' id='word_1_389' title='bbox 327 2439 558 2476; x_wconf 84' lang='lat' dir='ltr'><strong>demulceatv</strong></span> <span class='ocrx_word' id='word_1_390' title='bbox 588 2444 814 2489; x_wconf 88' lang='lat' dir='ltr'><strong>permulceat</strong></span> <span class='ocrx_word' id='word_1_391' title='bbox 827 2453 900 2480; x_wconf 74' lang='lat' dir='ltr'><strong>cett.</strong></span> <span class='ocrx_word' id='word_1_392' title='bbox 925 2445 1065 2480; x_wconf 85' lang='lat' dir='ltr'><strong>aurisA</strong></span> <span class='ocrx_word' id='word_1_393' title='bbox 1075 2449 1126 2481; x_wconf 86' lang='grc' dir='ltr'>Ει</span> <span class='ocrx_word' id='word_1_394' title='bbox 1139 2449 1190 2481; x_wconf 70' lang='grc' dir='ltr'>Ιίι</span> <span class='ocrx_word' id='word_1_395' title='bbox 1205 2459 1225 2491; x_wconf 85' lang='grc' dir='ltr'><em>γ</em></span> <span class='ocrx_word' id='word_1_396' title='bbox 1229 2459 1323 2490; x_wconf 64' lang='lat' dir='ltr'><strong>prat</strong></span> <span class='ocrx_word' id='word_1_397' title='bbox 1346 2456 1451 2481; x_wconf 85' lang='lat' dir='ltr'><strong>aures</strong></span> <span class='ocrx_word' id='word_1_398' title='bbox 1465 2454 1538 2481; x_wconf 78' lang='lat' dir='ltr'><strong>cett.</strong></span> <span class='ocrx_word' id='word_1_399' title='bbox 1569 2445 1615 2481; x_wconf 83' lang='grc'>27</span> <span class='ocrx_word' id='word_1_400' title='bbox 1631 2446 1729 2481; x_wconf 85' lang='lat' dir='ltr'><strong>salu-</strong></span> 
     </span>
     <span class='ocr_line' id='line_1_43' title="bbox 146 2497 1731 2549; baseline 0.005 -18"><span class='ocrx_word' id='word_1_401' title='bbox 146 2497 354 2541; x_wconf 71' lang='lat' dir='ltr'><strong>quPph.</strong></span> <span class='ocrx_word' id='word_1_402' title='bbox 400 2497 447 2533; x_wconf 83' lang='grc'>29</span> <span class='ocrx_word' id='word_1_403' title='bbox 469 2498 612 2545; x_wconf 88' lang='lat' dir='ltr'><strong>Iupiter</strong></span> <span class='ocrx_word' id='word_1_404' title='bbox 631 2500 726 2545; x_wconf 61' lang='lat' dir='ltr'><strong>Fyst&#39;</strong></span> <span class='ocrx_word' id='word_1_405' title='bbox 761 2501 928 2548; x_wconf 85' lang='lat' dir='ltr'><strong>Iuppiter</strong></span> <span class='ocrx_word' id='word_1_406' title='bbox 952 2511 1025 2538; x_wconf 78' lang='lat' dir='ltr'><strong>cett.</strong></span> <span class='ocrx_word' id='word_1_407' title='bbox 1043 2507 1170 2547; x_wconf 80' lang='lat' dir='ltr'><strong>Porph.</strong></span> <span class='ocrx_word' id='word_1_408' title='bbox 1189 2506 1237 2538; x_wconf 84' lang='lat' dir='ltr'><strong>ad</strong></span> <span class='ocrx_word' id='word_1_409' title='bbox 1259 2518 1295 2538; x_wconf 82' lang='lat' dir='ltr'><strong>u.</strong></span> <span class='ocrx_word' id='word_1_410' title='bbox 1304 2502 1350 2539; x_wconf 86' lang='lat'><strong>25</strong></span> <span class='ocrx_word' id='word_1_411' title='bbox 1381 2503 1605 2549; x_wconf 84' lang='lat' dir='ltr'><strong>adgnoscere</strong></span> <span class='ocrx_word' id='word_1_412' title='bbox 1627 2507 1678 2538; x_wconf 83' lang='grc' dir='ltr'>Αι</span> <span class='ocrx_word' id='word_1_413' title='bbox 1695 2507 1731 2538; x_wconf 85' lang='grc' dir='ltr'><em>Ε</em></span> 
     </span>
     <span class='ocr_line' id='line_1_44' title="bbox 145 2554 1728 2607; baseline 0.005 -19"><span class='ocrx_word' id='word_1_414' title='bbox 145 2558 178 2588; x_wconf 83' lang='lat' dir='ltr'><em>R</em></span> <span class='ocrx_word' id='word_1_415' title='bbox 192 2557 320 2599; x_wconf 69' lang='lat' dir='ltr'><strong>Por-ph.</strong></span> <span class='ocrx_word' id='word_1_416' title='bbox 339 2558 387 2589; x_wconf 81' lang='lat' dir='ltr'><strong>ad</strong></span> <span class='ocrx_word' id='word_1_417' title='bbox 401 2569 437 2589; x_wconf 80' lang='lat' dir='ltr'><strong>u.</strong></span> <span class='ocrx_word' id='word_1_418' title='bbox 453 2554 499 2591; x_wconf 85' lang='lat'><strong>25</strong></span> <span class='ocrx_word' id='word_1_419' title='bbox 540 2566 736 2601; x_wconf 85' lang='lat' dir='ltr'><strong>agnoscere</strong></span> <span class='ocrx_word' id='word_1_420' title='bbox 759 2567 831 2594; x_wconf 76' lang='lat' dir='ltr'><strong>cett.</strong></span> <span class='ocrx_word' id='word_1_421' title='bbox 849 2563 976 2604; x_wconf 79' lang='lat' dir='ltr'><strong>Porph.</strong></span> <span class='ocrx_word' id='word_1_422' title='bbox 994 2563 1041 2594; x_wconf 84' lang='lat' dir='ltr'><strong>ad</strong></span> <span class='ocrx_word' id='word_1_423' title='bbox 1056 2574 1091 2594; x_wconf 78' lang='lat' dir='ltr'><strong>u.</strong></span> <span class='ocrx_word' id='word_1_424' title='bbox 1109 2559 1155 2596; x_wconf 91' lang='lat'><strong>29</strong></span> <span class='ocrx_word' id='word_1_425' title='bbox 1196 2560 1315 2607; x_wconf 87' lang='lat' dir='ltr'><strong>possis</strong></span> <span class='ocrx_word' id='word_1_426' title='bbox 1331 2571 1431 2605; x_wconf 90' lang='lat' dir='ltr'><strong>cum,</strong></span> <span class='ocrx_word' id='word_1_427' title='bbox 1448 2560 1584 2607; x_wconf 86' lang='lat' dir='ltr'><strong>pateris</strong></span> <span class='ocrx_word' id='word_1_428' title='bbox 1601 2565 1728 2606; x_wconf 78' lang='lat' dir='ltr'><strong>Porph.</strong></span> 
     </span>
    </p>
   </div>
   <div class='ocr_carea' id='block_1_9' title="bbox 145 2611 1728 2698">
    <p class='ocr_par' dir='ltr' id='par_1_10' title="bbox 145 2611 1728 2698">
     <span class='ocr_line' id='line_1_45' title="bbox 145 2611 1728 2698; baseline 0.005 -52"><span class='ocrx_word' id='word_1_429' title='bbox 145 2614 218 2646; x_wconf 82' lang='lat' dir='ltr'><strong>cod.</strong></span> <span class='ocrx_word' id='word_1_430' title='bbox 249 2615 291 2647; x_wconf 90' lang='lat' dir='ltr'><strong><em>W</em></strong></span> <span class='ocrx_word' id='word_1_431' title='bbox 392 2611 440 2648; x_wconf 82' lang='lat'><strong>30</strong></span> <span class='ocrx_word' id='word_1_432' title='bbox 470 2612 606 2658; x_wconf 79' lang='lat' dir='ltr'><strong>pateris</strong></span> <span class='ocrx_word' id='word_1_433' title='bbox 638 2617 732 2650; x_wconf 67' lang='grc' dir='ltr'><strong>ΕΗΒ</strong></span> <span class='ocrx_word' id='word_1_434' title='bbox 747 2628 767 2659; x_wconf 82' lang='grc' dir='ltr'><em>γ</em></span> <span class='ocrx_word' id='word_1_435' title='bbox 779 2615 809 2649; x_wconf 80' lang='grc' dir='ltr'><strong>λ’</strong></span> <span class='ocrx_word' id='word_1_436' title='bbox 826 2629 853 2650; x_wconf 85' lang='grc' dir='ltr'><em>π</em></span> <span class='ocrx_word' id='word_1_437' title='bbox 868 2630 889 2660; x_wconf 80' lang='lat' dir='ltr'><strong><em>y</em></strong></span> <span class='ocrx_word' id='word_1_438' title='bbox 905 2630 924 2651; x_wconf 81' lang='grc' dir='ltr'>ν</span> <span class='ocrx_word' id='word_1_439' title='bbox 942 2631 959 2651; x_wconf 79' lang='lat'><em>2</em></span> <span class='ocrx_word' id='word_1_440' title='bbox 970 2620 1050 2661; x_wconf 82' lang='lat' dir='ltr'><strong>flor.</strong></span> <span class='ocrx_word' id='word_1_441' title='bbox 1068 2621 1183 2652; x_wconf 77' lang='lat' dir='ltr'><strong>Nostr.</strong></span> <span class='ocrx_word' id='word_1_442' title='bbox 1248 2618 1388 2698; x_wconf 60' lang='lat' dir='ltr'><strong>pgteris</strong></span> <span class='ocrx_word' id='word_1_443' title='bbox 1419 2621 1470 2654; x_wconf 84' lang='lat' dir='ltr'><strong>Rl</strong></span> <span class='ocrx_word' id='word_1_444' title='bbox 1492 2632 1512 2653; x_wconf 86' lang='grc' dir='ltr'><strong><em>ν</em></strong></span> <span class='ocrx_word' id='word_1_445' title='bbox 1527 2631 1561 2653; x_wconf 85' lang='lat' dir='ltr'><strong>m</strong></span> <span class='ocrx_word' id='word_1_446' title='bbox 1580 2632 1655 2653; x_wconf 75' lang='lat' dir='ltr'><strong>‹mm</strong></span> <span class='ocrx_word' id='word_1_447' title='bbox 1671 2632 1694 2653; x_wconf 84' lang='lat' dir='ltr'><strong>a</strong></span> <span class='ocrx_word' id='word_1_448' title='bbox 1709 2632 1728 2653; x_wconf 83' lang='lat' dir='ltr'><strong>r</strong></span> 
     </span>
     <span class='ocr_line' id='line_1_46' title="bbox 1412 2677 1432 2698; baseline 0 0"><span class='ocrx_word' id='word_1_449' title='bbox 1412 2677 1432 2698; x_wconf 93' lang='lat' dir='ltr'><strong>o</strong></span> 
     </span>
    </p>
   </div>
   <div class='ocr_carea' id='block_1_10' title="bbox 144 2703 1726 2848">
    <p class='ocr_par' dir='ltr' id='par_1_11' title="bbox 144 2703 1726 2848">
     <span class='ocr_line' id='line_1_47' title="bbox 144 2703 1726 2755; baseline 0.004 -17"><span class='ocrx_word' id='word_1_450' title='bbox 144 2703 272 2750; x_wconf 88' lang='lat' dir='ltr'><strong>cupias</strong></span> <span class='ocrx_word' id='word_1_451' title='bbox 296 2707 394 2739; x_wconf 59' lang='grc' dir='ltr'><strong>ΕΑΒ</strong></span> <span class='ocrx_word' id='word_1_452' title='bbox 409 2716 430 2738; x_wconf 92' lang='grc' dir='ltr'>σ</span> <span class='ocrx_word' id='word_1_453' title='bbox 477 2712 539 2739; x_wconf 82' lang='lat' dir='ltr'><strong>aut</strong></span> <span class='ocrx_word' id='word_1_454' title='bbox 561 2706 696 2750; x_wconf 87' lang='lat' dir='ltr'><strong>pateris</strong></span> <span class='ocrx_word' id='word_1_455' title='bbox 720 2714 782 2741; x_wconf 82' lang='lat' dir='ltr'><strong>aut</strong></span> <span class='ocrx_word' id='word_1_456' title='bbox 804 2707 941 2752; x_wconf 87' lang='lat' dir='ltr'><strong>poteris</strong></span> <span class='ocrx_word' id='word_1_457' title='bbox 966 2712 1016 2743; x_wconf 73' lang='lat' dir='ltr'><strong>Ar</strong></span> <span class='ocrx_word' id='word_1_458' title='bbox 1090 2708 1136 2745; x_wconf 84' lang='lat'><strong>31</strong></span> <span class='ocrx_word' id='word_1_459' title='bbox 1161 2710 1240 2754; x_wconf 89' lang='lat' dir='ltr'><strong>tuo]</strong></span> <span class='ocrx_word' id='word_1_460' title='bbox 1259 2713 1301 2744; x_wconf 87' lang='lat' dir='ltr'><strong>tu</strong></span> <span class='ocrx_word' id='word_1_461' title='bbox 1318 2723 1350 2755; x_wconf 87' lang='grc' dir='ltr'><strong><em>ψ</em></strong></span> <span class='ocrx_word' id='word_1_462' title='bbox 1397 2713 1436 2746; x_wconf 92' lang='lat' dir='ltr'><strong>to</strong></span> <span class='ocrx_word' id='word_1_463' title='bbox 1459 2723 1552 2754; x_wconf 81' lang='lat' dir='ltr'><strong>‹ppr.</strong></span> <span class='ocrx_word' id='word_1_464' title='bbox 1601 2714 1644 2745; x_wconf 87' lang='lat' dir='ltr'><strong>tu</strong></span> <span class='ocrx_word' id='word_1_465' title='bbox 1667 2721 1690 2746; x_wconf 92' lang='lat' dir='ltr'><strong>o</strong></span> <span class='ocrx_word' id='word_1_466' title='bbox 1706 2711 1726 2745; x_wconf 83' lang='grc' dir='ltr'><em>λ</em></span> 
     </span>
     <span class='ocr_line' id='line_1_48' title="bbox 144 2764 1725 2848; baseline 0.005 -18"><span class='ocrx_word' id='word_1_467' title='bbox 144 2795 280 2841; x_wconf 76' lang='lat' dir='ltr'><strong>tuollso</strong></span> <span class='ocrx_word' id='word_1_468' title='bbox 314 2799 327 2830; x_wconf 87' lang='lat' dir='ltr'><strong>l</strong></span> <span class='ocrx_word' id='word_1_469' title='bbox 373 2799 441 2835; x_wconf 67' lang='lat' dir='ltr'><strong>tue</strong></span> <span class='ocrx_word' id='word_1_470' title='bbox 466 2810 486 2830; x_wconf 83' lang='grc' dir='ltr'><strong><em>ν</em></strong></span> <span class='ocrx_word' id='word_1_471' title='bbox 533 2764 579 2832; x_wconf 67' lang='lat' dir='ltr'><strong>td⁷</strong></span> <span class='ocrx_word' id='word_1_472' title='bbox 599 2811 616 2832; x_wconf 79' lang='lat' dir='ltr'><strong><em>z</em></strong></span> <span class='ocrx_word' id='word_1_473' title='bbox 716 2797 763 2834; x_wconf 81' lang='lat'><strong>32</strong></span> <span class='ocrx_word' id='word_1_474' title='bbox 787 2799 838 2844; x_wconf 92' lang='lat' dir='ltr'><strong>et]</strong></span> <span class='ocrx_word' id='word_1_475' title='bbox 864 2810 907 2835; x_wconf 88' lang='lat' dir='ltr'><strong>ac</strong></span> <span class='ocrx_word' id='word_1_476' title='bbox 929 2813 949 2834; x_wconf 89' lang='grc' dir='ltr'><strong><em>ν</em></strong></span> <span class='ocrx_word' id='word_1_477' title='bbox 1026 2800 1074 2837; x_wconf 82' lang='lat'><strong>33</strong></span> <span class='ocrx_word' id='word_1_478' title='bbox 1096 2800 1257 2836; x_wconf 78' lang='lat' dir='ltr'><strong>auferret</strong></span> <span class='ocrx_word' id='word_1_479' title='bbox 1281 2804 1358 2836; x_wconf 85' lang='lat' dir='ltr'><strong>Ra.</strong></span> <span class='ocrx_word' id='word_1_480' title='bbox 1371 2815 1440 2837; x_wconf 71' lang='lat' dir='ltr'><strong>ras.</strong></span> <span class='ocrx_word' id='word_1_481' title='bbox 1488 2805 1532 2837; x_wconf 88' lang='lat' dir='ltr'><strong>ut</strong></span> <span class='ocrx_word' id='word_1_482' title='bbox 1555 2803 1587 2837; x_wconf 91' lang='lat' dir='ltr'><strong>si</strong></span> <span class='ocrx_word' id='word_1_483' title='bbox 1610 2806 1641 2838; x_wconf 82' lang='lat' dir='ltr'><strong><em>A</em></strong></span> <span class='ocrx_word' id='word_1_484' title='bbox 1659 2806 1725 2848; x_wconf 83' lang='grc' dir='ltr'><strong>Εγ</strong></span> 
     </span>
    </p>
   </div>
   <div class='ocr_carea' id='block_1_11' title="bbox 143 2853 1726 3004">
    <p class='ocr_par' dir='ltr' id='par_1_12' title="bbox 143 2853 1726 3004">
     <span class='ocr_line' id='line_1_49' title="bbox 144 2853 1724 2905; baseline 0.005 -18"><span class='ocrx_word' id='word_1_485' title='bbox 144 2853 163 2887; x_wconf 83' lang='grc' dir='ltr'><em>λ</em></span> <span class='ocrx_word' id='word_1_486' title='bbox 180 2867 258 2888; x_wconf 81' lang='lat' dir='ltr'><strong>uar.</strong></span> <span class='ocrx_word' id='word_1_487' title='bbox 275 2868 295 2888; x_wconf 89' lang='grc' dir='ltr'><em>ν</em></span> <span class='ocrx_word' id='word_1_488' title='bbox 309 2868 336 2888; x_wconf 87' lang='grc' dir='ltr'><em>π</em></span> <span class='ocrx_word' id='word_1_489' title='bbox 352 2867 374 2889; x_wconf 92' lang='grc' dir='ltr'><em>σ</em></span> <span class='ocrx_word' id='word_1_490' title='bbox 387 2869 408 2900; x_wconf 80' lang='lat'><strong><em>9</em></strong></span> <span class='ocrx_word' id='word_1_491' title='bbox 426 2858 488 2899; x_wconf 84' lang='lat' dir='ltr'><strong>lp.</strong></span> <span class='ocrx_word' id='word_1_492' title='bbox 506 2868 576 2890; x_wconf 75' lang='grc' dir='ltr'><em>ναε.</em></span> <span class='ocrx_word' id='word_1_493' title='bbox 592 2868 624 2890; x_wconf 85' lang='lat' dir='ltr'><strong>m</strong></span> <span class='ocrx_word' id='word_1_494' title='bbox 686 2855 789 2891; x_wconf 62' lang='lat' dir='ltr'><strong>utszi</strong></span> <span class='ocrx_word' id='word_1_495' title='bbox 813 2860 846 2891; x_wconf 80' lang='lat' dir='ltr'><em>R</em></span> <span class='ocrx_word' id='word_1_496' title='bbox 912 2860 979 2892; x_wconf 86' lang='lat' dir='ltr'><strong>aut</strong></span> <span class='ocrx_word' id='word_1_497' title='bbox 1002 2857 1033 2892; x_wconf 85' lang='lat' dir='ltr'><strong>si</strong></span> <span class='ocrx_word' id='word_1_498' title='bbox 1057 2860 1092 2892; x_wconf 84' lang='lat' dir='ltr'><em>F</em></span> <span class='ocrx_word' id='word_1_499' title='bbox 1104 2858 1123 2892; x_wconf 79' lang='grc' dir='ltr'><em>λ</em></span> <span class='ocrx_word' id='word_1_500' title='bbox 1141 2871 1227 2893; x_wconf 84' lang='lat' dir='ltr'><strong>corr.</strong></span> <span class='ocrx_word' id='word_1_501' title='bbox 1243 2862 1298 2894; x_wconf 87' lang='lat' dir='ltr'><strong>la.</strong></span> <span class='ocrx_word' id='word_1_502' title='bbox 1319 2872 1388 2894; x_wconf 71' lang='lat' dir='ltr'><strong>ras.</strong></span> <span class='ocrx_word' id='word_1_503' title='bbox 1408 2873 1427 2894; x_wconf 87' lang='lat' dir='ltr'><em>v</em></span> <span class='ocrx_word' id='word_1_504' title='bbox 1445 2873 1462 2894; x_wconf 77' lang='lat' dir='ltr'><strong><em>z</em></strong></span> <span class='ocrx_word' id='word_1_505' title='bbox 1529 2859 1627 2895; x_wconf 83' lang='lat' dir='ltr'><strong>idem</strong></span> <span class='ocrx_word' id='word_1_506' title='bbox 1642 2864 1724 2905; x_wconf 85' lang='lat' dir='ltr'><strong>flor.</strong></span> 
     </span>
     <span class='ocr_line' id='line_1_50' title="bbox 143 2911 1726 2963; baseline 0.005 -18"><span class='ocrx_word' id='word_1_507' title='bbox 143 2914 258 2946; x_wconf 75' lang='lat' dir='ltr'><strong>Noetr.</strong></span> <span class='ocrx_word' id='word_1_508' title='bbox 307 2912 388 2946; x_wconf 80' lang='lat' dir='ltr'><strong>ausi</strong></span> <span class='ocrx_word' id='word_1_509' title='bbox 411 2912 431 2946; x_wconf 83' lang='grc' dir='ltr'><strong><em>λ</em></strong></span> <span class='ocrx_word' id='word_1_510' title='bbox 444 2926 499 2957; x_wconf 80' lang='lat' dir='ltr'><strong>pr.</strong></span> <span class='ocrx_word' id='word_1_511' title='bbox 558 2912 605 2949; x_wconf 80' lang='lat'><strong>34</strong></span> <span class='ocrx_word' id='word_1_512' title='bbox 628 2911 796 2949; x_wconf 79' lang='lat' dir='ltr'><strong>detrahet</strong></span> <span class='ocrx_word' id='word_1_513' title='bbox 818 2917 872 2949; x_wconf 68' lang='lat' dir='ltr'><strong>Aa</strong></span> <span class='ocrx_word' id='word_1_514' title='bbox 896 2918 927 2949; x_wconf 84' lang='grc' dir='ltr'><em>Ε</em></span> <span class='ocrx_word' id='word_1_515' title='bbox 940 2918 975 2949; x_wconf 79' lang='lat' dir='ltr'><em>F</em></span> <span class='ocrx_word' id='word_1_516' title='bbox 985 2914 1016 2949; x_wconf 80' lang='grc' dir='ltr'><strong>λ’</strong></span> <span class='ocrx_word' id='word_1_517' title='bbox 1033 2929 1053 2949; x_wconf 85' lang='grc' dir='ltr'><strong><em>ν</em></strong></span> <span class='ocrx_word' id='word_1_518' title='bbox 1068 2929 1095 2950; x_wconf 85' lang='grc' dir='ltr'><em>π</em></span> <span class='ocrx_word' id='word_1_519' title='bbox 1109 2929 1130 2960; x_wconf 76' lang='lat' dir='ltr'><strong><em>y</em></strong></span> <span class='ocrx_word' id='word_1_520' title='bbox 1146 2928 1180 2950; x_wconf 86' lang='lat' dir='ltr'><strong>m</strong></span> <span class='ocrx_word' id='word_1_521' title='bbox 1195 2930 1215 2950; x_wconf 85' lang='lat' dir='ltr'><em>v</em></span> <span class='ocrx_word' id='word_1_522' title='bbox 1229 2930 1246 2950; x_wconf 80' lang='lat' dir='ltr'><em>z</em></span> <span class='ocrx_word' id='word_1_523' title='bbox 1293 2915 1456 2952; x_wconf 79' lang='lat' dir='ltr'><strong>detrahit</strong></span> <span class='ocrx_word' id='word_1_524' title='bbox 1474 2921 1525 2953; x_wconf 80' lang='lat' dir='ltr'><strong>Al</strong></span> <span class='ocrx_word' id='word_1_525' title='bbox 1546 2931 1566 2963; x_wconf 84' lang='grc' dir='ltr'><em>γ</em></span> <span class='ocrx_word' id='word_1_526' title='bbox 1577 2917 1597 2952; x_wconf 78' lang='grc' dir='ltr'><em>λ</em></span> <span class='ocrx_word' id='word_1_527' title='bbox 1612 2931 1690 2953; x_wconf 82' lang='lat' dir='ltr'><strong>uar.</strong></span> <span class='ocrx_word' id='word_1_528' title='bbox 1704 2931 1726 2953; x_wconf 95' lang='grc' dir='ltr'><em>σ</em></span> 
     </span>
     <span class='ocr_line' id='line_1_51' title="bbox 143 2968 372 3004; baseline 0 0"><span class='ocrx_word' id='word_1_529' title='bbox 143 2968 316 3004; x_wconf 81' lang='lat' dir='ltr'><strong>detrahat</strong></span> <span class='ocrx_word' id='word_1_530' title='bbox 339 2973 372 3004; x_wconf 83' lang='lat' dir='ltr'><em>R</em></span> 
     </span>
    </p>
   </div>
  </div>
 </body>
</html>
