1950 3236
246 158 331 200 234
742 155 942 192 HORATI
967 155 1334 193 EPISTVLARVM

360 287 612 339 propugnat
644 285 776 338 nugis
808 286 1028 327 armatus:
1060 281 1244 328 ‘scilicet
1272 289 1321 328 ut
1351 298 1438 328 non

361 354 420 397 sit
451 353 555 395 mihi
586 353 729 406 prima
758 351 869 395 fides
901 356 957 404 et,
988 365 1095 395 uere
1126 353 1242 408 quod
1274 354 1427 408 placet,
1460 358 1509 397 ut
1539 367 1626 399 non

360 422 518 465 acriter
549 420 745 472 elatrem‚
777 421 968 475 pretium
1000 426 1123 464 aetas
1153 421 1295 465 altera
1324 421 1503 465 sordet?

362 489 602 542 ambigitur
633 489 738 543 quid
769 489 919 532 enim?
981 488 1138 533 Castor
1170 491 1279 534 sciat
1308 504 1363 534 an
1397 491 1562 535 Docilis
1592 491 1717 546 plu83

246 570 281 596 20
362 558 648 601 Brundisium
681 558 847 601 Minuci
878 558 1036 601 melius
1068 558 1140 602 uia
1171 559 1302 602 ducat
1331 572 1385 602 an
1418 560 1549 614 Appi.

418 639 547 681 quem
581 627 793 670 damnosa
823 639 978 680 uenus,
1009 639 1138 681 quem
1169 640 1382 682 praeceps
1412 628 1510 671 alea
1539 629 1689 682 nudat,

362 697 502 751 gloria
532 708 661 750 quem
694 708 830 750 supra
859 697 979 739 uires
1010 701 1055 739 et
1085 698 1221 740 uestit
1250 702 1293 740 et
1324 698 1495 750 unguit,

363 776 491 818 quem
525 769 647 806 tenet
677 765 850 817 argenti
882 765 980 808 sitis
1010 765 1250 820 inportuna
1279 765 1521 821 famesque,

362 845 493 887 quem
524 834 800 887 paupertatis
831 833 975 887 pudor
1005 839 1049 876 et
1079 833 1208 888 fuga:
1239 835 1365 878 diues
1396 836 1576 888 amicus,

246 913 280 938 25
364 914 498 956 saepe
530 902 678 944 decem
712 902 835 945 uitiis
865 903 1136 954 instructior,
1168 904 1261 946 odit
1291 908 1335 946 et
1364 903 1526 957 horret,

363 975 452 1023 aut,
483 971 521 1014 si
552 983 639 1013 non
672 971 778 1023 odit,
810 972 927 1024 regit
956 984 1007 1014 ac
1037 972 1178 1015 ueluti
1208 974 1281 1027 pia
1312 978 1454 1016 mater

361 1040 461 1094 plus
492 1052 622 1094 quam
655 1052 704 1082 se
735 1052 891 1094 sapere
922 1045 967 1083 et
996 1041 1238 1084 uirtutibus
1269 1054 1369 1085 esse
1400 1042 1590 1096 priorem

247 1224 311 1259 71:
342 1223 467 1262 πάντες
492 1249 501 1258 .
519 1250 528 1258 .
547 1250 555 1259 .
588 1223 691 1268 περὶ
718 1224 823 1259 ὄνου
857 1230 988 1264 σκιᾶς
1014 1225 1183 1270 μάχονται
1215 1227 1252 1261 οἱ
1282 1226 1556 1271 φιλοσοφοῦντες
1588 1227 1603 1272 ΙΙ
1635 1226 1826 1273 Aristoph-

246 1269 315 1313 frg.
333 1280 427 1305 com.
444 1270 510 1305 Gr.
528 1268 568 1304 Il
585 1272 606 1303 2
624 1280 658 1315 p.
681 1269 767 1306 1019
792 1270 922 1306 Mein.:
945 1271 1025 1316 περὶ
1050 1276 1111 1306 τοῦ
1129 1271 1195 1317 γὰρ
1218 1272 1301 1316 ὑμῖν
1317 1272 1338 1306 ὁ
1350 1272 1501 1316 πόλεμος
1523 1276 1587 1307 νῦν
1609 1271 1700 1315 ἔστη
1723 1272 1826 1318 περὶ

245 1316 352 1350 ὄνου
377 1319 510 1354 σκιᾶς
527 1316 541 1360 ΙΙ
561 1316 749 1360 Aristoph.
775 1327 876 1363 uesp.
906 1318 986 1352 191:
1016 1317 1096 1362 περὶ
1128 1322 1189 1353 τοῦ
1212 1323 1322 1362 μαχεῖ
1347 1322 1419 1363 νῷν
1443 1319 1552 1363 δῆτα,·
1586 1317 1688 1363 περὶ
1718 1318 1825 1355 ὄνου

246 1365 376 1400 σκιᾶς
393 1364 406 1405 ΙΙ
426 1362 614 1407 Aristoph.
640 1362 728 1397 nub.
752 1361 841 1397 320:
866 1362 927 1398 καὶ
949 1363 1029 1408 περὶ
1051 1368 1189 1398 καπνοῦ
1213 1363 1444 1409 στενολεσχεῖν
1535 1364 1582 1401 16
1603 1365 1644 1403 S:
1678 1363 1827 1401 Hieron.

246 1419 302 1452 ep.
334 1407 380 1442 ad
416 1407 589 1443 Eustoch.
621 1406 684 1442 22:
716 1417 758 1443 os
793 1407 992 1444 barbarum
1023 1413 1060 1444 et
1092 1419 1227 1454 procax
1259 1416 1296 1445 et
1326 1410 1363 1444 in
1388 1411 1558 1447 conuicia
1580 1421 1725 1456 semper
1754 1419 1827 1446 ar-

246 1464 281 1487 m
293 1459 373 1488 atu
385 1464 419 1487 m
492 1455 536 1489 1*
553 1455 597 1492 S:
622 1453 773 1488 Tei-tuli.
790 1454 835 1489 ad
859 1456 1025 1490 nationes
1044 1455 1062 1490 1
1079 1455 1121 1490 4:
1145 1466 1229 1491 cum
1254 1455 1290 1490 in
1317 1466 1434 1491 mores
1451 1482 1460 1490 .
1478 1482 1487 1491 .
1504 1482 1513 1491 .
1530 1466 1675 1492 omnem
1693 1455 1827 1503 eloquii

245 1498 527 1534 amaritudinem
556 1499 762 1535 elatrent
785 1502 799 1544 ΙΙ
823 1500 974 1536 Tertull.
1000 1500 1062 1536 lib.
1086 1500 1132 1536 de
1156 1501 1267 1546 pallio
1291 1503 1329 1536 5:
1362 1512 1492 1537 causas
1523 1513 1597 1538 non
1621 1501 1790 1539 elatro·

249 1545 340 1580 Hor.
358 1556 377 1580 e
406 1545 498 1580 iet.I
527 1546 580 1587 11,
597 1545 638 1580 4:
662 1551 844 1581 cunctane
870 1557 956 1592 prae
978 1557 1109 1592 campo
1133 1553 1170 1582 et
1194 1546 1364 1582 Tiberino
1389 1547 1542 1583 flumine
1564 1547 1787 1585 sordent?

245 1590 358 1626 Hom.
401 1591 422 1626 Ι.
444 1591 563 1626 Villi
581 1592 649 1626 444
664 1603 761 1638 sqq:
786 1591 856 1627 ἀπὸ
872 1598 956 1635 σεῖο,
981 1593 1084 1638 φίλον
1099 1593 1214 1635 τέκος,
1237 1592 1305 1628 οὐκ
1329 1593 1484 1638 ἐθέλοιμι
1507 1593 1675 1637 λείπεσθ’,
1696 1593 1774 1630 οὐδ’
1796 1607 1815 1629 ε

243 1636 306 1671 κέν
327 1649 388 1681 μοι
411 1637 580 1682 ὑποσταίη
612 1636 696 1676 θεὸς
727 1637 830 1677 αὐτὸς
859 1643 967 1683 γῆρας
999 1638 1177 1680 ἀποξύσας
1208 1638 1332 1684 θήσειν
1361 1639 1439 1674 νέον
1471 1638 1634 1684 ἡβώοντα
1709 1639 1758 1676 2⁰
1779 1639 1828 1676 cf.

246 1682 369 1718 Strao.
382 1683 434 1719 VI
455 1686 472 1718 7
487 1694 523 1729 p.
540 1682 608 1719 282
624 1685 684 1720 (3.2
709 1683 774 1719 δύο
789 1683 830 1719 δέ
845 1685 921 1728 εἰσι,
943 1685 1007 1729 μία
1022 1684 1086 1728 μὲν
1102 1684 1124 1730 ἦ
1141 1685 1301 1720 Μινυκία
1320 1685 1356 1730 (ἦ
1372 1686 1514 1730 μινοίκη
1532 1685 1827 1731 οοᾱᾱ.,ἧμιονική

246 1728 374 1772 Vulg.)
405 1729 464 1764 διὰ
494 1730 702 1765 Πευκετίων
725 1756 732 1764 .
752 1755 760 1764 .
781 1756 789 1764 .
814 1729 837 1775 ἡ
862 1729 902 1765 δὲ
927 1729 985 1765 διὰ
1013 1730 1185 1775 Τάραντος
1211 1757 1219 1765 .
1238 1757 1246 1764 .
1267 1757 1275 1765 .
1299 1731 1322 1775 ἡ
1342 1731 1465 1766 'Auula
1487 1730 1653 1776 λεγομένη
1678 1733 1692 1776 ΙΙ
1718 1731 1753 1767 V
1818 1757 1829 1768 .

246 1775 310 1810 ecl.
327 1774 361 1815 9,
381 1777 417 1810 l:
443 1775 500 1811 ‘an
519 1785 592 1821 quo
617 1775 694 1810 uia
717 1774 850 1811 ducit
867 1777 903 1810 iu
923 1777 1062 1811 urbem'
1081 1788 1164 1811 cum
1183 1775 1266 1812 adn.
1282 1776 1386 1811 Hosii
1453 1777 1593 1814 21—48
1615 1779 1661 1815 T:
1679 1741 1825 1813 floffi.

244 1820 400 1856 Nostr.
496 1821 541 1857 21
572 1823 618 1859 S:
650 1821 790 1858 anthol.
817 1822 898 1857 Lat.
924 1822 1039 1903 11²[p.
1064 1822 1127 1857 35³1
1160 1822 1200 1857 R..
1234 1822 1359 1864 (medii
1391 1824 1508 1867 aeuo:
1543 1823 1664 1865 alea,
1695 1822 1826 1864 Bacue,

245 1877 375 1902 amor
399 1869 630 1902 meretricum
660 1867 746 1903 fecit
777 1874 940 1913 egentem
958 1870 971 1912 ΙΙ
1020 1879 1087 1903 ere.
1112 1870 1147 1910 5,
1169 1868 1232 1904 57:
1264 1868 1364 1904 hunc
1395 1869 1500 1904 alea
1530 1868 1730 1914 doeoquitn
1753 1867 1825 1904 Ou.

245 1922 291 1946 ex
314 1914 348 1946 P.
368 1912 386 1946 I
408 1913 460 1953 10,
483 1913 528 1948 33
553 1919 590 1948 et
606 1913 758 1949 Catonis
781 1913 926 1949 distich.
949 1914 1032 1949 IIII
1054 1914 1105 1955 10,
1131 1915 1169 1949 1:
1195 1915 1383 1950 ueneris
1406 1914 1630 1950 damnosa
1651 1913 1826 1959 uoluptas

246 1957 293 1991 22
315 1959 359 1996 S:
385 1958 464 1993 luu.
487 1959 520 2002 3,
544 1960 625 1995 180:
651 1958 712 1994 hie
736 1959 866 1994 ultra
890 1960 1015 1995 uires
1048 1959 1199 1995 habitus
1223 1961 1323 1995 nitor
1398 1959 1503 1997 238:
1525 1959 1634 2004 Verg.
1653 1960 1742 1994 Aen.
1764 1957 1825 1994 111

246 2003 309 2038 57:
339 2004 418 2038 auri
442 2015 546 2039 sacra
569 2004 714 2040 fames
731 2007 745 2050 11
767 2005 906 2040 P1in.n.
920 2005 956 2040 h.
982 2005 1163 2040 XXXIII
1180 2005 1312 2045 21.72:
1337 2007 1417 2040 auri
1435 2005 1579 2040 fames
1597 2006 1610 2050 ΙΙ
1628 2003 1722 2040 Geli,
1745 2003 1826 2040 XII

248 2048 281 2087 2,
308 2050 368 2084 13:
393 2050 430 2083 in
455 2050 642 2085 hominem
668 2062 821 2085 auarum
847 2056 884 2086 et
907 2051 1048 2086 auitum
1075 2059 1111 2086 et
1142 2052 1370 2096 pecuniae
1401 2050 1643 2085 sitientem
1713 2049 1761 2086 24
1782 2050 1824 2089 8:

248 2094 342 2130 Hor.
359 2096 464 2140 epist.
482 2095 500 2129 I
520 2096 551 2138 1,
567 2095 630 2130 46:
648 2097 915 2142 pauperiem
941 2097 1135 2142 fugiens
1152 2098 1165 2141 ss
1188 2096 1265 2131 Liu.
1284 2095 1487 2131 XXXIIII
1504 2096 1824 2142 4‚13:peseimus

247 2140 395 2186 quidem
421 2140 570 2187 pudor
592 2146 648 2176 est
673 2142 729 2176 uel
747 2142 990 2187 parsimoniae
1007 2141 1065 2177 uel
1090 2147 1286 2187 paupert
1299 2141 1392 2176 atis
1409 2143 1422 2186 ΙΙ
1443 2141 1592 2178 Lucian.
1609 2140 1655 2176 de
1671 2141 1825 2177 merced-

247 2185 418 2221 conduct.
435 2197 465 2222 e.
485 2188 506 2222 5
538 2198 572 2232 p.
590 2186 658 2222 660
682 2186 745 2222 R:
768 2188 927 2222 πενίαν
952 2213 960 2221 .
980 2213 988 2221 .
1015 2213 1023 2221 .
1049 2187 1404 2232 διαπεφευγέναι
1473 2187 1579 2226 258:
1606 2187 1716 2233 Verg.
1735 2188 1827 2223 Aen.

249 2231 290 2267 ΙΙ
321 2232 407 2268 152:
439 2231 500 2267 ille
523 2233 616 2268 dolis
641 2233 911 2268 instructus
947 2235 984 2268 et
1018 2237 1096 2267 arte
1132 2233 1285 2279 Pelasga
1392 2233 1439 2270 26
1461 2234 1506 2271 S:
1531 2233 1682 2268 quenc.
1704 2233 1723 2267 1
1740 2233 1826 2268 295:

364 2347 490 2382 52=A
502 2348 936 2393 EFMRyZ'vno9mvz
968 2348 1356 2388 u.17om.m1;add.in
1369 2361 1476 2392 mary.
1491 2358 1542 2383 τηε
1578 2347 1719 2394 lvquid
1732 2351 1828 2393 Epr.

249 2451 296 2486 18
311 2420 441 2487 elatem
459 2455 491 2486 R
526 2451 658 2487 elatere
670 2455 724 2487 M1
776 2455 813 2487 et
828 2451 956 2486 latrem
970 2465 990 2496 9
1029 2452 1209 2498 praetium
1224 2454 1256 2486 R
1294 2451 1417 2498 ficium
1433 2452 1494 2486 Ελ
1507 2465 1527 2495 9
1568 2452 1730 2497 precium
1742 2464 1763 2487 ν
1773 2463 1826 2486 σν

249 2512 350 2543 aetas
360 2522 424 2544 om.
438 2513 463 2544 A
475 2523 532 2554 pr.
565 2509 693 2544 docilis
706 2509 740 2544 Ω
749 2512 1095 2554 Pph.Pseudaoroms
1115 2512 1222 2543 Vatia.
1231 2509 1323 2544 3316
1336 2509 1370 2555 ()
1416 2509 1463 2544 20
1472 2508 1723 2544 Brundusium
1733 2511 1824 2543 Hm

250 2565 489 2601 Brundisium
500 2570 670 2611 cett.Pph.
706 2567 924 2602 menuciRv
947 2565 1106 2601 minicio
1129 2567 1313 2602 nenucim
1343 2566 1705 2611 minucioett.Pph.()
1729 2566 1828 2612 appii

250 2623 322 2657 Fi!
391 2622 437 2658 21
463 2623 596 2667 Queda
620 2635 711 2659 noea
727 2624 850 2668 szr.
901 2623 989 2670 Qu&
1010 2628 1040 2658 A
1089 2623 1295 2669 dampnosa
1309 2636 1362 2658 νυ
1374 2627 1476 2667 zflor.
1490 2627 1605 2659 Nom.
1652 2622 1830 2658 damnosa

251 2689 323 2714 cett.
338 2684 424 2725 Pple..
472 2681 553 2728 alea
566 2686 594 2716 A
665 2680 712 2716 22
728 2681 862 2727 unguit
880 2685 907 2715 A
929 2685 1038 2725 MRy
1049 2694 1069 2716 ν
1080 2694 1153 2715 nm
1165 2695 1182 2715 z
1231 2681 1338 2726 ungit
1353 2681 1414 2715 F).
1427 2684 1472 2715 σι
1485 2693 1571 2716 corr.
1584 2694 1604 2715 v
1651 2681 1791 2726 unguet
1804 2691 1827 2723 ς
1849 2719 1868 2730 ·

246 2750 303 2780 pr.
322 2741 333 2772 l
345 2752 402 2782 pr.
451 2739 563 2784 ung&
591 2742 626 2773 Ε
722 2738 769 2775 23
798 2739 1013 2784 importuna
1036 2741 1093 2773 Ει
1102 2741 1183 2783 flor.
1203 2742 1318 2773 Nostr.
1372 2742 1550 2783 iportuna
1572 2751 1594 2782 9
1646 2739 1728 2782 inp:
1753 2743 1826 2771 om.

252 2792 299 2828 24
322 2796 461 2831 amicus
485 2796 589 2831 diues
612 2810 633 2841 9
681 2795 785 2831 diues
809 2796 948 2831 amicus
974 2804 1047 2830 cett.
1129 2796 1177 2831 25
1202 2795 1295 2842 Sepe
1318 2799 1402 2830 EM
1410 2795 1430 2829 λ
1442 2808 1539 2840 9mv
1553 2808 1570 2828 κ
1617 2792 1722 2829 uiciis
1743 2792 1828 2836 225

252 2896 451 2933 instructor
473 2912 492 2944 y
562 2898 686 2934 horret
717 2902 754 2934 et
784 2898 864 2934 odit
884 2903 965 2943 flor.
983 2902 1098 2934 Nom.
1170 2857 1267 2934 grret
1290 2902 1320 2933 A
1414 2897 1462 2934 26
1485 2897 1546 2943 Sil!
1570 2900 1603 2931 R
1671 2896 1726 2940 ac]
1751 2899 1787 2930 et
1809 2908 1830 2930 ν

251 2951 296 2987 27
330 2964 368 2988 se
397 2956 536 3001 sapere]
562 2967 686 3001 sepere
716 2961 767 2991 Ar
