1950 3236
252 181 333 223 164
726 177 927 215 HORATI
953 144 1323 215 EPISTVLARVM

363 312 406 350 et
437 307 542 349 mihi
572 319 658 358 res,
691 318 778 348 non
811 318 880 348 me
912 306 1045 348 rebus
1077 306 1345 360 subiungere
1377 319 1523 349 conor.

245 387 279 411 20
363 380 410 419 ut
441 388 524 417 nox
555 375 688 428 longa
718 374 878 428 quibus
911 375 1122 417 mentitur
1151 375 1301 426 amica,
1334 375 1516 428 diesque

360 445 493 497 longa
524 443 700 485 uidetur
732 455 845 496 opus
878 443 1154 495 debentibus,
1187 447 1236 486 ut
1265 444 1391 497 piger
1422 456 1565 486 annus

357 512 550 566 pupillis,
583 524 694 565 quos
726 512 836 553 dura
866 512 1027 565 premit
1056 513 1256 554 custodia
1286 516 1498 554 matrum:

358 581 420 623 sic
451 581 557 622 mihi
588 581 714 622 tarda
745 579 889 622 fluunt
920 581 1180 634 ingrataque
1210 584 1422 634 tempora,
1456 592 1567 634 quae
1598 592 1719 635 spem

355 649 677 703 consiliumque
709 653 939 691 morantur
970 649 1129 703 agendi
1159 650 1332 691 nauiter
1361 650 1419 700 id,
1452 649 1568 703 quod

239 729 273 754 -25
356 730 495 772 aeque
526 718 795 772 pauperibus
826 718 1020 772 prodest,
1051 718 1346 772 locupletibus
1377 730 1527 771 aeque,

354 799 493 841 aeque
523 787 767 830 neclectum
799 787 948 840 pueris
981 787 1249 841 senibusque
1280 787 1466 829 nocebit.

354 860 492 899 restat
524 862 574 899 ut
603 856 672 898 his
703 868 784 910 ego
817 868 887 898 me
917 857 1013 910 ipse
1042 868 1192 909 regam
1226 856 1429 909 solerque
1461 855 1705 899 elementis.

410 938 497 967 non
529 926 675 979 possis
708 924 834 967 oculo
867 929 1077 978 quantum
1111 925 1380 967 contendere
1411 924 1629 977 Lynceus:

353 1006 439 1036 non
472 999 617 1037 tamen
649 994 809 1036 idcirco
842 997 1098 1036 contemnas
1129 993 1277 1047 lippus
1307 993 1513 1045 inungui;

239 1072 271 1097 30
354 1074 446 1114 nec,
479 1063 581 1116 quia
612 1062 822 1116 desperes
852 1062 1007 1104 inuicti
1037 1062 1233 1104 membra
1266 1062 1484 1116 Glyconis,

353 1132 521 1174 nodosa
552 1143 713 1185 corpus
744 1130 857 1173 nolis
889 1130 1123 1184 prohibere
1154 1131 1377 1184 cheragra.

355 1203 424 1242 est
454 1200 643 1253 quadam
674 1199 852 1253 prodire
882 1202 1026 1250 tenuS‚
1058 1199 1096 1241 si
1126 1211 1214 1241 non
1246 1200 1377 1242 datur
1409 1199 1536 1241 ultra.

350 1299 488 1335 19-21
523 1302 570 1337 T:
610 1298 765 1344 florileg.
798 1298 836 1334 N
839 1298 975 1334 ostrad.
1083 1299 1129 1335 19
1159 1302 1202 1336 T:
1236 1298 1370 1345 Porph.
1404 1299 1449 1334 ad
1487 1300 1592 1346 epist.
1625 1299 1645 1335 1
1679 1298 1735 1344 10,
1767 1300 1814 1338 40

234 1345 282 1381 20
306 1357 359 1392 sq.
384 1347 429 1383 S:
456 1345 539 1381 Sen.
563 1345 612 1380 de
635 1344 765 1381 breuit.
791 1344 890 1380 uitae
914 1344 970 1388 16,
992 1344 1031 1379 2:
1057 1346 1156 1391 quod
1180 1356 1288 1391 saepe
1320 1345 1392 1380 illis
1425 1345 1595 1390 longus
1619 1345 1814 1383 uidetur

235 1392 334 1427 dies
352 1391 365 1438 ΙΙ
383 1394 522 1427 Auson.
547 1390 815 1437 technopaegn.
841 1393 860 1426 7
886 1389 947 1435 (de
969 1391 1173 1438 inconexis)
1190 1402 1227 1426 u.
1248 1391 1292 1426 10
1315 1402 1351 1437 p.
1370 1391 1437 1426 160
1461 1391 1521 1426 R:
1546 1390 1687 1438 longa
1708 1391 1812 1430 dies

237 1449 438 1483 operosa
460 1439 554 1479 uiro,
579 1437 641 1472 sed
666 1437 858 1483 temperies
881 1447 957 1472 nox
982 1437 994 1481 ΙΙ
1020 1436 1170 1472 Theocr.
1193 1436 1243 1472 id.
1270 1437 1324 1480 12,
1350 1438 1368 1471 1
1394 1448 1466 1483 sq.:
1499 1437 1641 1482 ἤλυθες,
1671 1437 1702 1473 ὦ
1734 1438 1815 1483 φίλε

234 1489 355 1528 κοῦρε,
380 1484 475 1528 τρίτῃ
501 1482 564 1518 σὺν
587 1483 686 1517 νυκτὶ
710 1482 771 1517 καὶ
795 1482 864 1527 ἠοῖ,
888 1482 1040 1527 ἤλυθες;
1066 1483 1103 1517 οἵ
1123 1482 1163 1517 δὲ
1183 1483 1372 1521 ποθεῢντες
1396 1483 1433 1517 ἐν
1458 1483 1562 1527 ἤματι
1578 1483 1814 1528 γηράσκωσιν

233 1529 278 1565 21
303 1532 350 1567 S:
375 1529 490 1575 ‘piger
512 1528 644 1563 annus’
672 1530 782 1564 etiam
807 1528 902 1564 Stat.
927 1540 955 1563 s.
971 1527 1056 1563 1111
1081 1530 1114 1568 4,
1137 1528 1184 1565 40
1207 1529 1220 1574 Η
1246 1528 1322 1564 Ver
1348 1555 1357 1564 .
1373 1539 1428 1574 ge.
1454 1529 1473 1564 1
1499 1529 1561 1564 32:
1594 1529 1711 1565 tardis
1735 1555 1744 1565 .
1769 1555 1777 1565 .
1802 1556 1812 1565 .

234 1574 423 1611 mensibus
492 1574 539 1610 23
562 1586 615 1621 sq.
640 1577 685 1612 T:
710 1574 821 1610 floril.
845 1573 1021 1610 Nostrad.
1091 1573 1232 1611 24—26
1254 1577 1296 1611 T:
1347 1574 1575 1610 d—-nocebit’
1599 1574 1654 1611 Io.
1670 1574 1813 1612 Victor.
1843 1591 1844 1594 ¹

234 1620 291 1656 V1
317 1621 350 1664 6,
373 1620 441 1656 429
533 1620 580 1656 25
605 1632 658 1667 sq.
682 1622 726 1658 S:
759 1620 943 1666 Diogenes
975 1619 1075 1665 apud
1107 1619 1215 1665 Diog.
1241 1620 1364 1656 Laert.
1389 1620 1446 1656 VI
1472 1622 1539 1656 68:
1571 1620 1633 1666 τὴν
1654 1621 1814 1658 παιδείαν

233 1666 307 1701 εἶπε
331 1673 401 1706 τοῖς
423 1666 488 1711 μὲν
517 1667 636 1705 νέοις
668 1666 916 1711 σωφροσύνην,
948 1671 1018 1704 τοῖς
1049 1665 1088 1700 δὲ
1118 1666 1448 1712 πρεσβυτέροις
1472 1667 1712 1711 παραμυθίαν,
1743 1672 1814 1706 τοῖς

235 1712 274 1747 δὲ
297 1713 457 1757 πένησι
481 1713 641 1755 πλοῦτον,
666 1718 735 1750 τοῖς
761 1711 800 1747 δὲ
822 1712 1061 1750 πλουσίοις
1079 1712 1212 1756 κόσμον
1228 1711 1315 1747 εἶναι
1383 1712 1430 1748 26
1446 1715 1488 1749 Τ;
1509 1712 1619 1748 florii.
1635 1712 1811 1750 Nostrad.

235 1760 281 1796 S:
307 1759 438 1794 Claud.
455 1758 550 1794 Mar.
567 1758 665 1794 Vict.
683 1757 795 1793 aleth.
811 1757 875 1793 III
901 1758 987 1793 693:
1013 1760 1239 1804 puerique
1262 1769 1399 1794 senes
1441 1770 1493 1794 ue
1560 1758 1606 1794 28
1630 1761 1674 1796 T:
1698 1758 1812 1796 schol.

236 1804 408 1839 Vossian.
430 1804 568 1840 Lucan.
595 1804 653 1839 VI
681 1803 760 1840 672.
784 1803 894 1839 floril.
921 1803 1096 1839 Nostrad.
1143 1805 1189 1842 S:
1239 1803 1381 1840 rouerb.
1424 1808 1605 1839 *raecumz
1636 1803 1724 1850 ὑπὲρ
1755 1803 1813 1844 τὸν

237 1850 381 1894 Λυγκέα
484 1851 624 1886 30-63
647 1853 690 1887 T:
716 1849 863 1885 florii.
887 1849 925 1884 N
934 1849 1108 1885 ostrad.
1272 1851 1311 1884 αἵ
1332 1849 1488 1885 ἁνίκα-τοι
1511 1850 1611 1895 χέρες
1635 1850 1811 1895 Glyconis

237 1894 438 1931 laudantur
461 1896 507 1931 ab
532 1898 732 1942 Antipatro
754 1895 1071 1931 Thessalonicensi
1094 1896 1134 1930 in
1158 1895 1260 1931 anth.
1285 1896 1365 1932 Pal.
1389 1895 1468 1931 VII
1495 1896 1573 1938 692,
1597 1895 1619 1930 3
1693 1894 1740 1931 32
1761 1895 1810 1932 T:

349 1999 1223 2044 52:AEffapwMRyd‘(6d)).'(M)vn09mv
1294 2000 1340 2035 19
1364 2000 1412 2044 et]
1437 2009 1478 2033 ac
1502 2001 1694 2043 Porph.ad
1708 2002 1807 2043 epist.

233 2090 383 2133 110‚40
460 2090 506 2125 21
530 2091 586 2135 ut]
613 2093 678 2125 aut
701 2094 733 2124 R
756 2104 788 2125 a.
806 2104 875 2125 ras.
924 2059 1014 2135 pguer
1039 2094 1069 2124 A
1162 2089 1208 2124 22
1232 2089 1374 2135 Pupilis
1400 2093 1449 2124 Ri
1499 2090 1633 2136 premit
1656 2093 1807 2125 Hamae.

230 2192 277 2230 23
300 2196 501 2239 temporaq‚
525 2203 674 2239 uespem
698 2197 729 2227 A
778 2196 944 2238 tempora
968 2193 988 2226 ὃ
1042 2160 1265 2238 ῐοωροῐαᾳῖἒ
1274 2196 1306 2226 R
1397 2193 1443 2227 24
1475 2193 1645 2237 gnauiter
1667 2206 1687 2227 v
1699 2195 1808 2237 florib.

232 2253 346 2284 Nostr.
410 2250 553 2285 nauiter
577 2257 650 2284 cett.
712 2254 753 2284 in
784 2263 804 2283 ν
834 2259 874 2284 ut
898 2253 1016 2293 forma
1046 2252 1235 2283 notabilior
1266 2252 1480 2294 adscriptum
1503 2257 1553 2284 est
1575 2248 1812 2286 NAVITER

233 2321 268 2341 u.
293 2307 341 2343 25
364 2320 428 2341 om.
453 2307 504 2342 δί
533 2315 595 2341 aut
613 2320 671 2351 pr.
696 2315 728 2341 et
742 2310 823 2351 flor.
848 2310 965 2341 Nom.
1049 2306 1096 2342 25
1121 2306 1247 2352 Aeque
1271 2332 1281 2342 .
1306 2333 1314 2341 .
1341 2333 1349 2341 .
1374 2317 1521 2352 aequem
1545 2310 1577 2341 A
1624 2306 1774 2352 Aequas
1797 2309 1810 2340 l

231 2363 454 2410 laupletibus
478 2367 528 2399 121
586 2364 834 2410 lucupletibus
858 2377 893 2398 m
946 2374 1060 2410 aeque
1084 2365 1117 2399 δ’
1193 2363 1241 2399 26
1263 2363 1390 2410 Aeque
1414 2365 1434 2398 δ
1490 2363 1693 2399 neclectum
1716 2367 1805 2400 AB1

230 2435 249 2466 γ
267 2425 290 2456 d
336 2421 542 2466 neglectum
575 2429 647 2456 cett.
707 2420 856 2456 senibus
893 2421 1091 2467 puerisque
1125 2435 1145 2455 v
1170 2435 1248 2466 opp.
1264 2425 1345 2466 flor.
1362 2425 1477 2456 Nostr.
1548 2420 1662 2464 senib;
1695 2432 1766 2468 que
1788 2421 1808 2456 λ

229 2478 274 2514 27
301 2481 343 2513 ut
366 2477 439 2524 his]
464 2478 554 2513 uitis
577 2481 632 2513 M1
682 2489 810 2524 rogam
836 2482 867 2512 A
914 2484 1006 2524 regu
1022 2483 1076 2514 M1
1128 2479 1313 2525 solemque
1337 2478 1386 2514 Ri
1459 2478 1506 2514 28
1529 2478 1654 2514 oculos
1676 2478 1806 2523 iprum

230 2535 337 2572 oculo
362 2543 434 2570 cett.
453 2539 540 2580 Pph.
557 2539 661 2571 schol.
678 2539 811 2570 Lucan.
828 2539 910 2579 flor.
929 2539 1045 2570 Nostr.
1093 2535 1232 2571 linceus
1256 2540 1392 2581 yolmv
1485 2535 1533 2572 29
1557 2535 1660 2571 Num
1683 2540 1808 2572 tamen

229 2604 268 2637 γι
326 2592 458 2629 iccirco
481 2596 562 2628 ER
583 2596 638 2636 (cs.
656 2607 692 2627 u.
710 2597 761 2634 61)
818 2592 955 2628 idcirco
988 2601 1060 2628 cett.
1117 2596 1307 2628 cotemnas
1339 2606 1359 2637 9
1416 2597 1654 2638 contempnas
1677 2595 1721 2628 Μ
1729 2591 1808 2628 RB'

229 2654 368 2685 νσῑηιυ
417 2652 572 2696 inungui
596 2650 942 2697 AEFMyZ'vnqy
989 2650 1239 2696 insllunguiR
1285 2651 1415 2695 inungi
1440 2649 1547 2685 ὃήιυ
1615 2650 1663 2687 30
1684 2649 1806 2686 Nonv

231 2706 400 2753 desperas
424 2722 446 2752 9
515 2707 667 2743 menbra
690 2712 733 2742 M
741 2721 775 2742 m
791 2721 811 2742 v
883 2708 1044 2754 clyconis
1068 2712 1101 2742 A
1175 2707 1323 2743 cliconis
1346 2711 1390 2742 M
1453 2705 1608 2754 gliconis
1631 2721 1651 2752 γ
1666 2720 1687 2742 ν
1702 2719 1771 2742 σπι
1785 2719 1805 2741 v

230 2763 395 2808 glyconis
420 2773 493 2800 cett.
541 2763 615 2799 ‘alii
639 2764 785 2800 milonis
809 2764 949 2811 legunt?
971 2768 1155 2800 Pseudacr.
1225 2764 1272 2800 31
1295 2763 1397 2799 nolis·
1416 2774 1549 2809 corpus
1565 2777 1586 2808 9
1632 2762 1808 2808 cheragra

231 2825 262 2854 A
276 2825 351 2856 ER
362 2835 388 2855 π
395 2836 451 2866 pr.
499 2821 668 2868 chiragra
691 2836 711 2867 y
726 2822 746 2856 λ
757 2835 815 2867 pr.
833 2836 853 2857 ν
868 2836 889 2866 9
905 2835 991 2857 corr.
1046 2821 1246 2868 chils'ragra
1264 2825 1308 2856 M
1347 2821 1529 2867 chyragra
1542 2824 1577 2855 F
1587 2821 1621 2855 δ’
1634 2820 1654 2854 λ
1675 2832 1761 2855 oorr.
1780 2832 1807 2854 π

230 2881 341 2911 corr.l
387 2879 528 2924 ciragra
551 2892 572 2913 σ
587 2893 608 2923 9
622 2893 676 2923 pr.
690 2883 771 2923 flor.
785 2883 900 2914 Nostr.
948 2890 1101 2925 cyragra
1122 2892 1183 2913 mv
1275 2878 1322 2915 32
1357 2878 1516 2924 quadam
1549 2879 1806 2922 AprAEffMn

231 2945 317 2967 corr.
342 2945 380 2969 ‹51
407 2938 590 2970 Pseudacr.
615 2940 714 2980 91033.
739 2937 776 2971 Γ
840 2936 999 2982 quodam
1032 2939 1065 2970 A
1082 2949 1168 2970 corr.
1186 2939 1218 2970 R
1234 2949 1253 2980 y
1270 2935 1302 2969 λ’
1317 2949 1337 2970 ν
1352 2949 1379 2969 π
1394 2948 1426 2979 ’ψ
1444 2948 1529 2970 corr.
1544 2937 1619 2969 ead.
1635 2946 1679 2967 m.
1699 2936 1722 2967 d
1737 2946 1759 2977 9
1773 2946 1807 2967 m

230 3001 249 3021 υ
259 2992 338 3030 flor.
357 2993 470 3025 Noctr.
518 2996 673 3036 quodam
696 2993 760 3038 δ()
807 2992 966 3038 prodire]
992 2993 1044 3028 ire
1067 3006 1086 3037 y
