1950 3236
835 140 932 179 Lis.
956 142 989 179 1.
1015 143 1069 178 15.
1665 147 1751 190 219

283 280 453 320 tractus
485 278 583 318 uter
614 273 755 328 pluris
786 273 976 327 lepores,
1007 276 1106 316 uter
1137 273 1293 316 educet
1323 285 1470 328 apros,

282 349 383 389 utra
413 344 553 398 magis
583 343 719 397 piscis
750 345 795 385 et
825 341 1005 385 echinos
1036 354 1230 396 aequora
1261 342 1416 394 celent,

281 414 461 470 pinguis
493 416 543 455 ut
572 411 676 454 inde
709 411 886 454 domum
919 411 1086 464 possim
1120 410 1384 466 Phaeaxque
1414 413 1594 463 reuerti,

283 484 477 527 scribere
506 485 551 524 te
581 481 724 532 nobis,
755 479 837 522 tibi
867 491 950 522 nos
980 480 1220 523 adcredere
1250 493 1331 535 par
1362 484 1443 524 est.
1714 493 1746 518 25

339 551 556 603 Maenius,
588 552 638 592 ut
666 549 802 591 rebus
832 550 1046 592 maternis
1077 552 1210 604 atque
1240 551 1438 603 paternis

282 621 457 665 fortiter
487 619 735 673 absumptis
766 618 965 661 urbanus
996 618 1142 673 coepit
1171 618 1325 662 haberi

284 703 450 742 scurra,
482 700 623 743 uagus
654 700 742 730 non
775 687 851 741 qui
882 691 1051 730 certum
1084 699 1298 742 praesepe
1328 691 1512 741 teneret,

283 749 521 803 inpransus
551 759 639 789 non
671 746 747 800 qui
777 745 921 788 ciuem
953 745 1204 788 dinosceret
1232 745 1374 797 hoste,

286 817 509 872 quaelibet
537 816 582 858 in
615 814 818 869 quemuis
850 814 1092 868 obprobria
1119 812 1287 868 fingere
1317 827 1488 867 saeuos,
1719 826 1753 852 κο

283 966 341 1002 22.
357 965 415 1003 23.
433 965 540 1002 251:
557 962 693 1008 Porph.
715 962 760 998 ad
781 974 818 998 11.
834 964 850 997 1
923 961 970 997 22
996 964 1043 999 T:
1068 961 1183 1002 Prisc.
1206 961 1324 997 instit.
1350 961 1432 998 VII
1458 962 1492 1005 ¹7,
1515 963 1562 998 34
1608 964 1653 1002 S:
1677 963 1754 1000 Cic.

193 1025 236 1049 ro
258 1012 411 1048 Plancio
437 1011 472 1053 9,
487 1009 551 1045 22:
575 1012 761 1045 tractus
787 1008 848 1044 ille
870 1007 1129 1044 celeberrimus
1154 1008 1392 1044 Venafranus
1417 1009 1431 1054 ΙΙ
1448 1008 1551 1045 Caes.
1574 1009 1660 1044 bell.
1683 1009 1755 1045 eiu.

191 1059 234 1095 11
258 1058 337 1103 112,
359 1059 398 1095 8:
424 1058 461 1093 in
492 1057 563 1092 hoc
587 1060 747 1091 tractu
779 1054 906 1101 oppidi
930 1065 1015 1100 pars
1039 1058 1119 1090 erat
1149 1054 1271 1101 regiae
1287 1056 1300 1100 ΙΙ
1319 1054 1430 1100 Verg.
1450 1066 1505 1102 ge.
1526 1055 1570 1090 II
1587 1055 1655 1091 182
1679 1066 1754 1101 sq.:

168 1105 306 1142 indicio
320 1109 377 1140 est
399 1108 500 1139 trac
511 1107 560 1138 tu
583 1113 737 1148 surgens
754 1101 912 1137 oleaster
928 1100 1055 1136 eodem
1071 1101 1255 1146 plurimus
1272 1103 1286 1146 Η
1303 1100 1337 1136 le
1363 1103 1613 1148 ores—apros]
1630 1101 1756 1137 eadem

169 1151 344 1188 animalia
361 1150 655 1196 coniunguntur:
679 1147 765 1183 qu.
779 1148 834 1191 11,
848 1147 925 1183 138.
948 1146 1101 1183 Lucian.
1118 1146 1224 1192 epist.
1242 1146 1318 1183 Sat.
1359 1146 1393 1182 8.
1409 1158 1517 1183 conu.
1534 1148 1591 1183 22.
1609 1147 1656 1183 de
1667 1147 1756 1184 hist.

168 1196 375 1235 conscr.20.
396 1196 531 1232 Athen.
550 1194 675 1230 VIIII
694 1194 751 1229 63.
765 1194 811 1229 64
833 1205 869 1240 p.
886 1193 954 1228 401
972 1196 985 1238 ,Ι
1002 1193 1083 1229 Tib.
1100 1192 1121 1227 I
1138 1194 1170 1237 1,
1189 1194 1251 1229 13:
1271 1204 1423 1239 pomum
1445 1204 1566 1230 nouus
1582 1194 1756 1230 educat

170 1255 292 1280 annus
351 1243 399 1279 25
417 1245 461 1281 T:
486 1241 600 1278 schol.
617 1241 710 1276 sad
728 1252 766 1275 u.
789 1240 811 1275 2
870 1239 918 1276 26
940 1241 987 1278 S:
1012 1239 1097 1275 qu.
1121 1240 1175 1282 11,
1198 1239 1262 1275 39:
1287 1250 1369 1275 aere
1392 1244 1547 1286 paterno
1578 1252 1622 1276 ac
1646 1240 1755 1276 rebus

170 1290 297 1326 mersis
321 1289 360 1325 in
384 1292 550 1324 uentrem
619 1287 664 1323 27
683 1297 736 1333 sq.
754 1288 799 1325 S:
824 1285 949 1322 Plaut.
966 1286 1054 1322 trin.
1069 1286 1156 1322 202:
1181 1285 1355 1322 urbani
1379 1286 1519 1322 assidui
1543 1287 1640 1322 cives
1663 1297 1756 1332 quos

170 1347 356 1373 scurras
381 1339 516 1371 uocant
542 1334 559 1381 Η
584 1337 694 1370 most.
724 1335 785 1369 15:
817 1335 860 1367 tu
892 1332 1102 1368 urbanus
1126 1343 1216 1368 uero
1248 1343 1432 1376 scurra,
1457 1332 1610 1368 deliciae
1644 1333 1758 1379 popli,

167 1394 232 1418 rus
256 1381 349 1418 mihi
372 1385 415 1418 tu
445 1380 631 1418 obiectas?
664 1381 678 1425 u
711 1379 850 1415 Catuli.
869 1378 926 1421 22,
950 1378 992 1414 2:
1028 1378 1141 1415 homo
1168 1405 1177 1413 .
1202 1405 1211 1413 .
1237 1405 1246 1413 .
1270 1378 1379 1414 dicax
1412 1382 1450 1414 et
1480 1379 1756 1415 urbanus...

169 1430 233 1476 qui
260 1428 370 1464 modo
401 1438 567 1463 scurra.
591 1454 600 1462 .
626 1453 634 1461 .
661 1453 669 1461 .
701 1425 900 1461 uidebatur
991 1425 1038 1461 28
1071 1426 1115 1463 S:
1150 1424 1273 1461 Plaut.
1297 1436 1397 1461 curo.
1421 1425 1508 1461 228:
1546 1427 1636 1471 quin
1666 1425 1757 1461 reci-

169 1479 271 1522 peret
301 1486 340 1510 se
362 1474 437 1510 huc
461 1485 564 1510 esum
597 1473 644 1508 ad
668 1482 940 1518 praesepem
973 1482 1077 1507 suam
1106 1471 1122 1518 Η
1150 1471 1279 1518 Eurip.
1305 1471 1350 1508 fr.
1374 1471 1442 1507 379
1468 1471 1538 1507 N.:
1570 1476 1634 1506 νῦν
1657 1471 1691 1506 δ’
1714 1471 1758 1517 ἥν

169 1535 218 1560 τις
242 1521 355 1556 οἴκων
375 1520 543 1555 πλουσίαν
568 1519 632 1564 ἔχῃ
658 1518 833 1563 φάτνην
852 1517 868 1564 Η
889 1517 1061 1553 Eubulus
1086 1517 1131 1552 fr.
1156 1528 1250 1553 com.
1276 1518 1341 1554 Gr.
1365 1517 1422 1553 ed.
1440 1517 1493 1553 M.
1518 1517 1583 1552 III
1608 1529 1644 1564 p.
1669 1517 1757 1554 270:

168 1566 289 1602 πολλοὶ
321 1567 488 1612 φυγόντες
527 1566 695 1603 δεσπότας
726 1564 905 1608 ἐλεύθεροι
944 1564 1038 1603 ὄντες
1076 1564 1179 1598 πάλιν
1211 1564 1352 1608 ζητοῦσι
1385 1563 1448 1609 τὴν
1479 1563 1589 1609 αὐτὴν
1623 1563 1759 1609 φάτνην

169 1614 216 1650 29
241 1612 433 1652 SzManil.
457 1612 493 1646 V
515 1612 602 1647 494:
631 1621 698 1645 nec
726 1621 852 1656 pacem
881 1609 995 1652 bello,
1031 1610 1179 1646 ciuem
1209 1609 1452 1646 discernet
1491 1610 1546 1645 ab
1580 1609 1715 1646 hoste
1738 1610 1755 1657 ΙΙ

170 1659 292 1695 Plaut.
323 1661 409 1694 trin.
441 1657 463 1692 I
485 1658 520 1701 2,
545 1657 589 1692 65
619 1657 736 1703 (102):
773 1656 983 1691 hostisne
1017 1668 1064 1691 an
1101 1657 1223 1692 ciuis
1255 1655 1429 1699 comedis,
1460 1656 1568 1703 parui
1599 1656 1760 1702 pendere

168 1706 216 1743 3⁰
230 1707 276 1743 S:
290 1705 366 1741 Cic.
383 1706 422 1740 in
439 1704 548 1740 Verr.
566 1703 586 1738 I
603 1704 636 1746 5,
650 1703 712 1738 15:
730 1714 778 1738 ne
797 1713 871 1748 qua
888 1702 1116 1745 (crimina)
1131 1701 1177 1737 in
1194 1702 1308 1737 istum
1328 1702 1514 1748 fingere
1537 1702 1725 1738 existimer
1739 1702 1756 1750 Η

170 1751 243 1788 Ou.
252 1750 328 1787 her.
343 1750 400 1793 12,
422 1751 506 1785 177:
527 1750 573 1784 in
597 1749 728 1784 faciem
745 1759 938 1794 moresque
954 1759 1055 1784 meos
1072 1759 1171 1784 noua
1196 1748 1398 1783 crimina
1417 1748 1581 1795 fingas
1597 1749 1614 1795 Η
1634 1751 1759 1785 Amm.

170 1798 283 1833 Marc.
300 1796 422 1833 XVII
440 1795 549 1840 11,2:
573 1795 610 1830 in
636 1799 776 1831 ueteres
801 1806 948 1841 quoque
970 1795 1189 1841 magnificos
1214 1794 1327 1830 duces
1351 1795 1446 1830 uitia
1460 1795 1759 1841 criminaque

173 1871 182 1880 .
199 1871 231 1880 ..
256 1844 464 1879 finxisse
493 1842 763 1887 malignitatem

287 1980 911 2026 ΩΞΑΕΡΕγῖνπσρφηυτ
1016 1949 1154 2016 22ἰῗ1ἱ
1190 1985 1218 2016 A
1293 1981 1443 2016 intera
1520 1980 1762 2027 plurisAE

174 2045 206 2076 R
229 2052 267 2087 γι
294 2055 320 2075 π
342 2055 358 2075 z
383 2054 458 2075 cum
489 2042 519 2075 G
545 2052 602 2083 pr.
629 2042 647 2073 b
679 2042 833 2074 Bruaeell.
866 2042 1050 2083 Reginam.
1077 2052 1135 2084 pr.
1160 2042 1366 2074 Priscianus
1442 2038 1565 2084 plures
1597 2042 1633 2073 F
1647 2038 1678 2072 λ’
1695 2052 1715 2073 ν
1739 2051 1761 2073 σ

175 2170 195 2200 9
213 2170 246 2190 m
261 2170 280 2191 v
296 2160 423 2200 Porph.
441 2159 488 2190 ad
503 2170 537 2191 u.
559 2167 572 2190 1
648 2157 760 2199 ute1,e
799 2114 940 2200 ducet&
971 2159 1002 2190 Α
1068 2158 1171 2190 utere
1201 2154 1352 2190 duceret
1384 2158 1416 2189 R
1483 2157 1526 2189 ut
1557 2153 1704 2189 duceret
1739 2167 1760 2198 y

178 2213 321 2258 educet]
346 2213 467 2249 ederet
495 2226 517 2248 σ
609 2213 658 2249 23
693 2212 804 2259 piscis
834 2217 870 2248 Ε
925 2213 1044 2258 pisces
1069 2221 1142 2247 cett.
1167 2216 1295 2257 Porph.
1321 2215 1368 2246 ad
1391 2226 1427 2247 u.
1447 2223 1461 2248 1
1534 2211 1706 2248 aechinos
1731 2215 1763 2246 R

1339 2280 1359 2304 1·
1674 2292 1678 2296 .

179 2315 320 2350 caelent
343 2320 377 2350 F
391 2315 420 2350 λ’
437 2329 464 2350 π
532 2316 579 2352 24
602 2316 746 2362 phaeax
771 2321 844 2352 AR
862 2330 889 2351 π
936 2315 1057 2362 pheax
1081 2324 1155 2351 cett.
1241 2315 1289 2352 25
1313 2315 1421 2352 Scibe
1438 2329 1460 2351 σ
1505 2315 1698 2351 adcredere
1728 2318 1764 2349 Ε

179 2375 305 2416 Porph.
322 2376 368 2406 ad
385 2387 421 2407 u.
438 2384 451 2407 ι
503 2373 551 2408 ad
574 2373 719 2409 credere
742 2378 755 2408 l
772 2388 806 2409 a.
818 2388 888 2409 rae.
938 2378 977 2409 at
1000 2373 1146 2410 credere
1164 2378 1200 2408 F
1211 2388 1228 2408 z
1277 2373 1466 2410 accredere
1489 2377 1521 2408 R
1536 2373 1555 2407 λ
1567 2383 1613 2408 :⁷12
1630 2385 1679 2416 σς]
1694 2385 1729 2406 m
1740 2385 1760 2405 v

179 2440 222 2464 ac
251 2428 396 2464 credere
416 2434 446 2464 A
459 2434 536 2474 yvl
547 2444 586 2474 p.
603 2444 673 2465 ras.
726 2431 797 2467 hoc
820 2431 966 2468 credere
987 2443 1031 2468 πι
1053 2440 1092 2467 ut
1114 2435 1190 2467 uid.
1260 2431 1307 2467 26
1330 2445 1424 2466 noua
1442 2434 1603 2475 epistula,
1629 2434 1687 2464 oui
1710 2434 1764 2463 in-

179 2490 345 2531 scriptum
360 2486 433 2521 AD
452 2486 595 2522 MAEN
602 2486 702 2523 IVM
712 2488 839 2533 (ΜΕΝ
850 2501 858 2523 :
868 2492 926 2524 Fv
936 2491 968 2533 r)
978 2493 1036 2524 Fv
1046 2503 1062 2523 z
1075 2503 1178 2524 cumr
1228 2502 1323 2524 noua
1336 2492 1487 2533 epistula
1499 2492 1574 2522 sine
1587 2491 1648 2521 hoc
1661 2490 1762 2521 timlo

180 2548 216 2579 E
224 2558 244 2579 ν
254 2557 381 2588 noym
430 2549 680 2579 continuantur
694 2551 873 2590 sequentia
893 2550 1170 2582 antecedentibus
1185 2551 1226 2581 in
1241 2551 1273 2582 A
1291 2550 1324 2581 R
1339 2561 1358 2591 γ
1374 2545 1405 2581 λ’
1422 2549 1551 2590 Porph..
1593 2544 1763 2580 Maenius

180 2607 211 2637 A
225 2606 262 2637 E
270 2605 420 2647 vaph.
458 2605 501 2636 M
504 2612 621 2636 enuus
638 2616 659 2646 9
706 2602 834 2637 oenius
853 2616 874 2638 σ
920 2603 1068 2639 Menius
1094 2612 1167 2638 cett.
1237 2603 1283 2639 27
1308 2605 1406 2649 cepit
1430 2617 1449 2648 γ
1462 2617 1483 2647 9
1546 2602 1593 2638 28
1616 2612 1766 2648 presepe

182 2660 314 2705 Rystm
370 2670 544 2705 praesepe
566 2662 623 2693 uel
647 2663 937 2706 psepecett.Pph.
995 2661 1043 2697 29
1065 2660 1258 2707 Inpraisus
1275 2666 1306 2695 A
1354 2660 1573 2706 Impransus
1585 2663 1640 2695 El
1697 2658 1763 2694 In-

1177 2730 1196 2764 }
1212 2733 1324 2764 ciuem

180 2786 340 2821 pransus
363 2783 437 2810 cett.
461 2778 588 2819 Porph.
660 2773 792 2818 ciuem]
830 2774 950 2810 uicem
982 2779 1034 2810 E1
1056 2786 1102 2810 πι
1183 2775 1243 2810 cui
1267 2779 1323 2811 est
1354 2789 1374 2810 v
1458 2775 1697 2811 di·=-nosceret
1731 2778 1764 2809 R

179 2833 403 2869 disnosceret
430 2835 463 2866 R
479 2845 592 2867 amas.
610 2835 722 2875 cums
733 2846 766 2866 a.
780 2845 850 2867 ras.
865 2833 961 2877 (teste
986 2833 1207 2877 Slauyhtero)
1253 2832 1460 2869 dinosceret
1476 2841 1550 2868 cett.
1597 2831 1704 2869 host&
1730 2836 1766 2867 Ε

181 2892 230 2929 30
252 2889 430 2935 Quolibet
453 2903 472 2934 γ
491 2901 513 2923 σ
527 2903 548 2934 9
603 2888 801 2935 opprobria
824 2893 856 2924 A
876 2893 910 2924 R
927 2904 949 2935 9
969 2904 989 2925 v
1036 2889 1195 2936 opppria
1217 2893 1254 2925 E
1297 2889 1497 2937 obprobria
1529 2898 1604 2926 cett.
1651 2901 1763 2926 senus

183 2954 218 2985 E
227 2963 277 2993 9²
325 2958 458 2983 saeuus
484 2955 557 2983 cett.
574 2948 607 2994 ()
